%YAML 1.1
%TAG !u! tag:unity3d.com,2011:
--- !u!29 &1
OcclusionCullingSettings:
  m_ObjectHideFlags: 0
  serializedVersion: 2
  m_OcclusionBakeSettings:
    smallestOccluder: 5
    smallestHole: 0.25
    backfaceThreshold: 100
  m_SceneGUID: 00000000000000000000000000000000
  m_OcclusionCullingData: {fileID: 0}
--- !u!104 &2
RenderSettings:
  m_ObjectHideFlags: 0
  serializedVersion: 8
  m_Fog: 0
  m_FogColor: {r: 0.5, g: 0.5, b: 0.5, a: 1}
  m_FogMode: 3
  m_FogDensity: 0.01
  m_LinearFogStart: 0
  m_LinearFogEnd: 300
  m_AmbientSkyColor: {r: 0.212, g: 0.227, b: 0.259, a: 1}
  m_AmbientEquatorColor: {r: 0.114, g: 0.125, b: 0.133, a: 1}
  m_AmbientGroundColor: {r: 0.047, g: 0.043, b: 0.035, a: 1}
  m_AmbientIntensity: 1
  m_AmbientMode: 3
  m_SubtractiveShadowColor: {r: 0.42, g: 0.478, b: 0.627, a: 1}
  m_SkyboxMaterial: {fileID: 0}
  m_HaloStrength: 0.5
  m_FlareStrength: 1
  m_FlareFadeSpeed: 3
  m_HaloTexture: {fileID: 0}
  m_SpotCookie: {fileID: 10001, guid: 0000000000000000e000000000000000, type: 0}
  m_DefaultReflectionMode: 0
  m_DefaultReflectionResolution: 128
  m_ReflectionBounces: 1
  m_ReflectionIntensity: 1
  m_CustomReflection: {fileID: 0}
  m_Sun: {fileID: 0}
  m_IndirectSpecularColor: {r: 0, g: 0, b: 0, a: 1}
--- !u!157 &3
LightmapSettings:
  m_ObjectHideFlags: 0
  serializedVersion: 11
  m_GIWorkflowMode: 1
  m_GISettings:
    serializedVersion: 2
    m_BounceScale: 1
    m_IndirectOutputScale: 1
    m_AlbedoBoost: 1
    m_TemporalCoherenceThreshold: 1
    m_EnvironmentLightingMode: 0
    m_EnableBakedLightmaps: 0
    m_EnableRealtimeLightmaps: 0
  m_LightmapEditorSettings:
    serializedVersion: 9
    m_Resolution: 2
    m_BakeResolution: 40
    m_TextureWidth: 1024
    m_TextureHeight: 1024
    m_AO: 0
    m_AOMaxDistance: 1
    m_CompAOExponent: 1
    m_CompAOExponentDirect: 0
    m_Padding: 2
    m_LightmapParameters: {fileID: 0}
    m_LightmapsBakeMode: 1
    m_TextureCompression: 1
    m_FinalGather: 0
    m_FinalGatherFiltering: 1
    m_FinalGatherRayCount: 256
    m_ReflectionCompression: 2
    m_MixedBakeMode: 2
    m_BakeBackend: 0
    m_PVRSampling: 1
    m_PVRDirectSampleCount: 32
    m_PVRSampleCount: 500
    m_PVRBounces: 2
    m_PVRFilterTypeDirect: 0
    m_PVRFilterTypeIndirect: 0
    m_PVRFilterTypeAO: 0
    m_PVRFilteringMode: 1
    m_PVRCulling: 1
    m_PVRFilteringGaussRadiusDirect: 1
    m_PVRFilteringGaussRadiusIndirect: 5
    m_PVRFilteringGaussRadiusAO: 2
    m_PVRFilteringAtrousPositionSigmaDirect: 0.5
    m_PVRFilteringAtrousPositionSigmaIndirect: 2
    m_PVRFilteringAtrousPositionSigmaAO: 1
  m_LightingDataAsset: {fileID: 0}
  m_UseShadowmask: 1
--- !u!196 &4
NavMeshSettings:
  serializedVersion: 2
  m_ObjectHideFlags: 0
  m_BuildSettings:
    serializedVersion: 2
    agentTypeID: 0
    agentRadius: 0.5
    agentHeight: 2
    agentSlope: 45
    agentClimb: 0.4
    ledgeDropHeight: 0
    maxJumpAcrossDistance: 0
    minRegionArea: 2
    manualCellSize: 0
    cellSize: 0.16666667
    manualTileSize: 0
    tileSize: 256
    accuratePlacement: 0
    debug:
      m_Flags: 0
  m_NavMeshData: {fileID: 0}
--- !u!1 &45418740
GameObject:
  m_ObjectHideFlags: 0
  m_PrefabParentObject: {fileID: 1735151269696648, guid: b7b01591ef18b76489f22ecc2e89c571,
    type: 2}
  m_PrefabInternal: {fileID: 0}
  serializedVersion: 5
  m_Component:
  - component: {fileID: 45418741}
  - component: {fileID: 45418742}
  m_Layer: 0
  m_Name: Corridor2
  m_TagString: Untagged
  m_Icon: {fileID: 0}
  m_NavMeshLayer: 0
  m_StaticEditorFlags: 0
  m_IsActive: 1
--- !u!4 &45418741
Transform:
  m_ObjectHideFlags: 0
  m_PrefabParentObject: {fileID: 4617948205556560, guid: b7b01591ef18b76489f22ecc2e89c571,
    type: 2}
  m_PrefabInternal: {fileID: 0}
  m_GameObject: {fileID: 45418740}
  m_LocalRotation: {x: 0, y: 0, z: 1, w: 0}
  m_LocalPosition: {x: 0, y: -6.59, z: 0}
  m_LocalScale: {x: 0.59999996, y: 0.505, z: 0.3549}
  m_Children: []
  m_Father: {fileID: 1692285234}
  m_RootOrder: 5
  m_LocalEulerAnglesHint: {x: 0, y: 0, z: 180}
--- !u!212 &45418742
SpriteRenderer:
  m_ObjectHideFlags: 0
  m_PrefabParentObject: {fileID: 212810516000514240, guid: b7b01591ef18b76489f22ecc2e89c571,
    type: 2}
  m_PrefabInternal: {fileID: 0}
  m_GameObject: {fileID: 45418740}
  m_Enabled: 1
  m_CastShadows: 0
  m_ReceiveShadows: 0
  m_DynamicOccludee: 1
  m_MotionVectors: 1
  m_LightProbeUsage: 1
  m_ReflectionProbeUsage: 1
  m_Materials:
  - {fileID: 2100000, guid: 188c3b8672676854d8050ae39eba6bd6, type: 2}
  m_StaticBatchInfo:
    firstSubMesh: 0
    subMeshCount: 0
  m_StaticBatchRoot: {fileID: 0}
  m_ProbeAnchor: {fileID: 0}
  m_LightProbeVolumeOverride: {fileID: 0}
  m_ScaleInLightmap: 1
  m_PreserveUVs: 0
  m_IgnoreNormalsForChartDetection: 0
  m_ImportantGI: 0
  m_StitchLightmapSeams: 0
  m_SelectedEditorRenderState: 0
  m_MinimumChartSize: 4
  m_AutoUVMaxDistance: 0.5
  m_AutoUVMaxAngle: 89
  m_LightmapParameters: {fileID: 0}
  m_SortingLayerID: 0
  m_SortingLayer: 0
  m_SortingOrder: 0
  m_Sprite: {fileID: 21300000, guid: 140a4fc3848f3134ab4d24573ecf0815, type: 3}
  m_Color: {r: 0.7058823, g: 0.7058823, b: 0.7058823, a: 1}
  m_FlipX: 0
  m_FlipY: 0
  m_DrawMode: 0
  m_Size: {x: 1, y: 1}
  m_AdaptiveModeThreshold: 0.5
  m_SpriteTileMode: 0
  m_WasSpriteAssigned: 1
  m_MaskInteraction: 0
--- !u!1 &56966141
GameObject:
  m_ObjectHideFlags: 0
  m_PrefabParentObject: {fileID: 0}
  m_PrefabInternal: {fileID: 0}
  serializedVersion: 5
  m_Component:
  - component: {fileID: 56966142}
  - component: {fileID: 56966143}
  - component: {fileID: 56966144}
  m_Layer: 0
  m_Name: Noise
  m_TagString: Untagged
  m_Icon: {fileID: 0}
  m_NavMeshLayer: 0
  m_StaticEditorFlags: 0
  m_IsActive: 1
--- !u!4 &56966142
Transform:
  m_ObjectHideFlags: 0
  m_PrefabParentObject: {fileID: 0}
  m_PrefabInternal: {fileID: 0}
  m_GameObject: {fileID: 56966141}
  m_LocalRotation: {x: -0, y: -0, z: -0, w: 1}
  m_LocalPosition: {x: -0.012, y: 0.021, z: 0.1}
  m_LocalScale: {x: 1, y: 1, z: 0.571815}
  m_Children: []
  m_Father: {fileID: 949659250}
  m_RootOrder: 3
  m_LocalEulerAnglesHint: {x: 0, y: 0, z: 0}
--- !u!212 &56966143
SpriteRenderer:
  m_ObjectHideFlags: 0
  m_PrefabParentObject: {fileID: 0}
  m_PrefabInternal: {fileID: 0}
  m_GameObject: {fileID: 56966141}
  m_Enabled: 1
  m_CastShadows: 0
  m_ReceiveShadows: 0
  m_DynamicOccludee: 1
  m_MotionVectors: 1
  m_LightProbeUsage: 1
  m_ReflectionProbeUsage: 1
  m_Materials:
  - {fileID: 2100000, guid: 188c3b8672676854d8050ae39eba6bd6, type: 2}
  m_StaticBatchInfo:
    firstSubMesh: 0
    subMeshCount: 0
  m_StaticBatchRoot: {fileID: 0}
  m_ProbeAnchor: {fileID: 0}
  m_LightProbeVolumeOverride: {fileID: 0}
  m_ScaleInLightmap: 1
  m_PreserveUVs: 0
  m_IgnoreNormalsForChartDetection: 0
  m_ImportantGI: 0
  m_StitchLightmapSeams: 0
  m_SelectedEditorRenderState: 0
  m_MinimumChartSize: 4
  m_AutoUVMaxDistance: 0.5
  m_AutoUVMaxAngle: 89
  m_LightmapParameters: {fileID: 0}
  m_SortingLayerID: 0
  m_SortingLayer: 0
  m_SortingOrder: -2
  m_Sprite: {fileID: 21300000, guid: e8afafd2a548a774ebfd0d29af55ae35, type: 3}
  m_Color: {r: 0.50735295, g: 0.50735295, b: 0.50735295, a: 0.447}
  m_FlipX: 0
  m_FlipY: 0
  m_DrawMode: 0
  m_Size: {x: 19.2, y: 14.08}
  m_AdaptiveModeThreshold: 0.5
  m_SpriteTileMode: 0
  m_WasSpriteAssigned: 1
  m_MaskInteraction: 1
--- !u!114 &56966144
MonoBehaviour:
  m_ObjectHideFlags: 0
  m_PrefabParentObject: {fileID: 0}
  m_PrefabInternal: {fileID: 0}
  m_GameObject: {fileID: 56966141}
  m_Enabled: 1
  m_EditorHideFlags: 0
  m_Script: {fileID: 11500000, guid: 1eac1fdafa43b6b418dc6cc06cd03b48, type: 3}
  m_Name: 
  m_EditorClassIdentifier: 
--- !u!1 &157055536
GameObject:
  m_ObjectHideFlags: 0
  m_PrefabParentObject: {fileID: 0}
  m_PrefabInternal: {fileID: 0}
  serializedVersion: 5
  m_Component:
  - component: {fileID: 157055537}
  - component: {fileID: 157055538}
  m_Layer: 0
  m_Name: Gel
  m_TagString: Untagged
  m_Icon: {fileID: 0}
  m_NavMeshLayer: 0
  m_StaticEditorFlags: 0
  m_IsActive: 1
--- !u!4 &157055537
Transform:
  m_ObjectHideFlags: 0
  m_PrefabParentObject: {fileID: 0}
  m_PrefabInternal: {fileID: 0}
  m_GameObject: {fileID: 157055536}
  m_LocalRotation: {x: -0, y: -0, z: -0, w: 1}
  m_LocalPosition: {x: -0.012, y: 0.021, z: 0.1}
  m_LocalScale: {x: 11.899383, y: 6.7484317, z: 1.14363}
  m_Children: []
  m_Father: {fileID: 949659250}
  m_RootOrder: 2
  m_LocalEulerAnglesHint: {x: 0, y: 0, z: 0}
--- !u!212 &157055538
SpriteRenderer:
  m_ObjectHideFlags: 0
  m_PrefabParentObject: {fileID: 0}
  m_PrefabInternal: {fileID: 0}
  m_GameObject: {fileID: 157055536}
  m_Enabled: 1
  m_CastShadows: 0
  m_ReceiveShadows: 0
  m_DynamicOccludee: 1
  m_MotionVectors: 1
  m_LightProbeUsage: 1
  m_ReflectionProbeUsage: 1
  m_Materials:
  - {fileID: 2100000, guid: 188c3b8672676854d8050ae39eba6bd6, type: 2}
  m_StaticBatchInfo:
    firstSubMesh: 0
    subMeshCount: 0
  m_StaticBatchRoot: {fileID: 0}
  m_ProbeAnchor: {fileID: 0}
  m_LightProbeVolumeOverride: {fileID: 0}
  m_ScaleInLightmap: 1
  m_PreserveUVs: 0
  m_IgnoreNormalsForChartDetection: 0
  m_ImportantGI: 0
  m_StitchLightmapSeams: 0
  m_SelectedEditorRenderState: 0
  m_MinimumChartSize: 4
  m_AutoUVMaxDistance: 0.5
  m_AutoUVMaxAngle: 89
  m_LightmapParameters: {fileID: 0}
  m_SortingLayerID: 0
  m_SortingLayer: 0
  m_SortingOrder: -2
  m_Sprite: {fileID: 21300000, guid: b0c2969b54e969544a337ae84be61d24, type: 3}
  m_Color: {r: 0.7205882, g: 0.7205882, b: 0.7205882, a: 1}
  m_FlipX: 0
  m_FlipY: 0
  m_DrawMode: 0
  m_Size: {x: 1, y: 1}
  m_AdaptiveModeThreshold: 0.5
  m_SpriteTileMode: 0
  m_WasSpriteAssigned: 1
  m_MaskInteraction: 1
--- !u!1001 &193818399
Prefab:
  m_ObjectHideFlags: 0
  serializedVersion: 2
  m_Modification:
    m_TransformParent: {fileID: 268090406}
    m_Modifications:
    - target: {fileID: 4113439614639276, guid: 39f8f4beb379b864cbd8787eefc77c8e, type: 2}
      propertyPath: m_LocalPosition.x
      value: 6.191
      objectReference: {fileID: 0}
    - target: {fileID: 4113439614639276, guid: 39f8f4beb379b864cbd8787eefc77c8e, type: 2}
      propertyPath: m_LocalPosition.y
      value: 0
      objectReference: {fileID: 0}
    - target: {fileID: 4113439614639276, guid: 39f8f4beb379b864cbd8787eefc77c8e, type: 2}
      propertyPath: m_LocalPosition.z
      value: 0
      objectReference: {fileID: 0}
    - target: {fileID: 4113439614639276, guid: 39f8f4beb379b864cbd8787eefc77c8e, type: 2}
      propertyPath: m_LocalRotation.x
      value: -0
      objectReference: {fileID: 0}
    - target: {fileID: 4113439614639276, guid: 39f8f4beb379b864cbd8787eefc77c8e, type: 2}
      propertyPath: m_LocalRotation.y
      value: -0
      objectReference: {fileID: 0}
    - target: {fileID: 4113439614639276, guid: 39f8f4beb379b864cbd8787eefc77c8e, type: 2}
      propertyPath: m_LocalRotation.z
      value: -0.70710576
      objectReference: {fileID: 0}
    - target: {fileID: 4113439614639276, guid: 39f8f4beb379b864cbd8787eefc77c8e, type: 2}
      propertyPath: m_LocalRotation.w
      value: 0.7071078
      objectReference: {fileID: 0}
    - target: {fileID: 4113439614639276, guid: 39f8f4beb379b864cbd8787eefc77c8e, type: 2}
      propertyPath: m_RootOrder
      value: 8
      objectReference: {fileID: 0}
    - target: {fileID: 1733679127352682, guid: 39f8f4beb379b864cbd8787eefc77c8e, type: 2}
      propertyPath: m_Name
      value: DoorE
      objectReference: {fileID: 0}
    m_RemovedComponents: []
  m_ParentPrefab: {fileID: 100100000, guid: 39f8f4beb379b864cbd8787eefc77c8e, type: 2}
  m_IsPrefabParent: 0
--- !u!4 &193818400 stripped
Transform:
  m_PrefabParentObject: {fileID: 4113439614639276, guid: 39f8f4beb379b864cbd8787eefc77c8e,
    type: 2}
  m_PrefabInternal: {fileID: 193818399}
--- !u!1 &195438851
GameObject:
  m_ObjectHideFlags: 0
  m_PrefabParentObject: {fileID: 0}
  m_PrefabInternal: {fileID: 0}
  serializedVersion: 5
  m_Component:
  - component: {fileID: 195438853}
  - component: {fileID: 195438852}
  m_Layer: 0
  m_Name: Tutorial
  m_TagString: Untagged
  m_Icon: {fileID: 0}
  m_NavMeshLayer: 0
  m_StaticEditorFlags: 0
  m_IsActive: 1
--- !u!212 &195438852
SpriteRenderer:
  m_ObjectHideFlags: 0
  m_PrefabParentObject: {fileID: 0}
  m_PrefabInternal: {fileID: 0}
  m_GameObject: {fileID: 195438851}
  m_Enabled: 1
  m_CastShadows: 0
  m_ReceiveShadows: 0
  m_DynamicOccludee: 1
  m_MotionVectors: 1
  m_LightProbeUsage: 1
  m_ReflectionProbeUsage: 1
  m_Materials:
  - {fileID: 2100000, guid: 188c3b8672676854d8050ae39eba6bd6, type: 2}
  m_StaticBatchInfo:
    firstSubMesh: 0
    subMeshCount: 0
  m_StaticBatchRoot: {fileID: 0}
  m_ProbeAnchor: {fileID: 0}
  m_LightProbeVolumeOverride: {fileID: 0}
  m_ScaleInLightmap: 1
  m_PreserveUVs: 0
  m_IgnoreNormalsForChartDetection: 0
  m_ImportantGI: 0
  m_StitchLightmapSeams: 0
  m_SelectedEditorRenderState: 0
  m_MinimumChartSize: 4
  m_AutoUVMaxDistance: 0.5
  m_AutoUVMaxAngle: 89
  m_LightmapParameters: {fileID: 0}
  m_SortingLayerID: 0
  m_SortingLayer: 0
  m_SortingOrder: 0
  m_Sprite: {fileID: 21300000, guid: bb72be774171b744aa5071a9b60881b8, type: 3}
  m_Color: {r: 1, g: 1, b: 1, a: 1}
  m_FlipX: 0
  m_FlipY: 0
  m_DrawMode: 0
  m_Size: {x: 26.64, y: 15.92}
  m_AdaptiveModeThreshold: 0.5
  m_SpriteTileMode: 0
  m_WasSpriteAssigned: 1
  m_MaskInteraction: 0
--- !u!4 &195438853
Transform:
  m_ObjectHideFlags: 0
  m_PrefabParentObject: {fileID: 0}
  m_PrefabInternal: {fileID: 0}
  m_GameObject: {fileID: 195438851}
  m_LocalRotation: {x: 0, y: 0, z: 0, w: 1}
  m_LocalPosition: {x: 0.03, y: -0.02, z: 0}
  m_LocalScale: {x: 0.5, y: 0.5, z: 1}
  m_Children: []
  m_Father: {fileID: 0}
  m_RootOrder: 6
  m_LocalEulerAnglesHint: {x: 0, y: 0, z: 0}
--- !u!4 &268090406
Transform:
  m_ObjectHideFlags: 0
  m_PrefabParentObject: {fileID: 4028301085317074, guid: b7b01591ef18b76489f22ecc2e89c571,
    type: 2}
  m_PrefabInternal: {fileID: 0}
  m_GameObject: {fileID: 1990197177}
  m_LocalRotation: {x: -0, y: -0, z: -0, w: 1}
  m_LocalPosition: {x: 0, y: 0, z: 0}
  m_LocalScale: {x: 1, y: 1, z: 1}
  m_Children:
  - {fileID: 1566554132}
  - {fileID: 1269597021}
  - {fileID: 840338403}
  - {fileID: 949659250}
  - {fileID: 276041824}
  - {fileID: 2077689460}
  - {fileID: 688597888}
  - {fileID: 1040776850}
  - {fileID: 193818400}
  - {fileID: 1951192263}
  - {fileID: 1598963342}
  - {fileID: 871056489}
  m_Father: {fileID: 1902142755}
  m_RootOrder: 0
  m_LocalEulerAnglesHint: {x: 0, y: 0, z: 0}
--- !u!1 &276041823
GameObject:
  m_ObjectHideFlags: 0
  m_PrefabParentObject: {fileID: 1735151269696648, guid: b7b01591ef18b76489f22ecc2e89c571,
    type: 2}
  m_PrefabInternal: {fileID: 0}
  serializedVersion: 5
  m_Component:
  - component: {fileID: 276041824}
  - component: {fileID: 276041825}
  m_Layer: 0
  m_Name: CorridorE
  m_TagString: Untagged
  m_Icon: {fileID: 0}
  m_NavMeshLayer: 0
  m_StaticEditorFlags: 0
  m_IsActive: 1
--- !u!4 &276041824
Transform:
  m_ObjectHideFlags: 0
  m_PrefabParentObject: {fileID: 4617948205556560, guid: b7b01591ef18b76489f22ecc2e89c571,
    type: 2}
  m_PrefabInternal: {fileID: 0}
  m_GameObject: {fileID: 276041823}
  m_LocalRotation: {x: -0, y: -0, z: -0.70710576, w: 0.70710784}
  m_LocalPosition: {x: 7.51, y: 0, z: 0}
  m_LocalScale: {x: 0.59999996, y: 0.495, z: 0.3549}
  m_Children:
  - {fileID: 1650353853}
  m_Father: {fileID: 268090406}
  m_RootOrder: 4
  m_LocalEulerAnglesHint: {x: 0, y: 0, z: -90.00001}
--- !u!212 &276041825
SpriteRenderer:
  m_ObjectHideFlags: 0
  m_PrefabParentObject: {fileID: 212810516000514240, guid: b7b01591ef18b76489f22ecc2e89c571,
    type: 2}
  m_PrefabInternal: {fileID: 0}
  m_GameObject: {fileID: 276041823}
  m_Enabled: 1
  m_CastShadows: 0
  m_ReceiveShadows: 0
  m_DynamicOccludee: 1
  m_MotionVectors: 1
  m_LightProbeUsage: 1
  m_ReflectionProbeUsage: 1
  m_Materials:
  - {fileID: 2100000, guid: 188c3b8672676854d8050ae39eba6bd6, type: 2}
  m_StaticBatchInfo:
    firstSubMesh: 0
    subMeshCount: 0
  m_StaticBatchRoot: {fileID: 0}
  m_ProbeAnchor: {fileID: 0}
  m_LightProbeVolumeOverride: {fileID: 0}
  m_ScaleInLightmap: 1
  m_PreserveUVs: 0
  m_IgnoreNormalsForChartDetection: 0
  m_ImportantGI: 0
  m_StitchLightmapSeams: 0
  m_SelectedEditorRenderState: 0
  m_MinimumChartSize: 4
  m_AutoUVMaxDistance: 0.5
  m_AutoUVMaxAngle: 89
  m_LightmapParameters: {fileID: 0}
  m_SortingLayerID: 0
  m_SortingLayer: 0
  m_SortingOrder: 0
  m_Sprite: {fileID: 21300000, guid: a127968cf05985e47912f42b53af1f48, type: 3}
  m_Color: {r: 0.7058823, g: 0.7058823, b: 0.7058823, a: 1}
  m_FlipX: 0
  m_FlipY: 0
  m_DrawMode: 0
  m_Size: {x: 1, y: 1}
  m_AdaptiveModeThreshold: 0.5
  m_SpriteTileMode: 0
  m_WasSpriteAssigned: 1
  m_MaskInteraction: 0
--- !u!114 &432891154 stripped
MonoBehaviour:
  m_PrefabParentObject: {fileID: 114499025622009862, guid: 39f8f4beb379b864cbd8787eefc77c8e,
    type: 2}
  m_PrefabInternal: {fileID: 1807933884}
  m_Script: {fileID: 11500000, guid: 7a08376246c18734a8dd79822422e57b, type: 3}
--- !u!1 &688597887
GameObject:
  m_ObjectHideFlags: 0
  m_PrefabParentObject: {fileID: 1735151269696648, guid: b7b01591ef18b76489f22ecc2e89c571,
    type: 2}
  m_PrefabInternal: {fileID: 0}
  serializedVersion: 5
  m_Component:
  - component: {fileID: 688597888}
  - component: {fileID: 688597889}
  m_Layer: 0
  m_Name: CorridorS
  m_TagString: Untagged
  m_Icon: {fileID: 0}
  m_NavMeshLayer: 0
  m_StaticEditorFlags: 0
  m_IsActive: 1
--- !u!4 &688597888
Transform:
  m_ObjectHideFlags: 0
  m_PrefabParentObject: {fileID: 4617948205556560, guid: b7b01591ef18b76489f22ecc2e89c571,
    type: 2}
  m_PrefabInternal: {fileID: 0}
  m_GameObject: {fileID: 688597887}
  m_LocalRotation: {x: -0, y: -0, z: 1, w: 0.0000028312204}
  m_LocalPosition: {x: 0, y: -5, z: -0}
  m_LocalScale: {x: 0.59999996, y: 0.5, z: 0.3549}
  m_Children: []
  m_Father: {fileID: 268090406}
  m_RootOrder: 6
  m_LocalEulerAnglesHint: {x: 0, y: 0, z: 180.00002}
--- !u!212 &688597889
SpriteRenderer:
  m_ObjectHideFlags: 0
  m_PrefabParentObject: {fileID: 212810516000514240, guid: b7b01591ef18b76489f22ecc2e89c571,
    type: 2}
  m_PrefabInternal: {fileID: 0}
  m_GameObject: {fileID: 688597887}
  m_Enabled: 1
  m_CastShadows: 0
  m_ReceiveShadows: 0
  m_DynamicOccludee: 1
  m_MotionVectors: 1
  m_LightProbeUsage: 1
  m_ReflectionProbeUsage: 1
  m_Materials:
  - {fileID: 2100000, guid: 188c3b8672676854d8050ae39eba6bd6, type: 2}
  m_StaticBatchInfo:
    firstSubMesh: 0
    subMeshCount: 0
  m_StaticBatchRoot: {fileID: 0}
  m_ProbeAnchor: {fileID: 0}
  m_LightProbeVolumeOverride: {fileID: 0}
  m_ScaleInLightmap: 1
  m_PreserveUVs: 0
  m_IgnoreNormalsForChartDetection: 0
  m_ImportantGI: 0
  m_StitchLightmapSeams: 0
  m_SelectedEditorRenderState: 0
  m_MinimumChartSize: 4
  m_AutoUVMaxDistance: 0.5
  m_AutoUVMaxAngle: 89
  m_LightmapParameters: {fileID: 0}
  m_SortingLayerID: 0
  m_SortingLayer: 0
  m_SortingOrder: 0
  m_Sprite: {fileID: 21300000, guid: a127968cf05985e47912f42b53af1f48, type: 3}
  m_Color: {r: 0.7058823, g: 0.7058823, b: 0.7058823, a: 1}
  m_FlipX: 0
  m_FlipY: 0
  m_DrawMode: 0
  m_Size: {x: 1, y: 1}
  m_AdaptiveModeThreshold: 0.5
  m_SpriteTileMode: 0
  m_WasSpriteAssigned: 1
  m_MaskInteraction: 0
--- !u!114 &734752786 stripped
MonoBehaviour:
  m_PrefabParentObject: {fileID: 114499025622009862, guid: 39f8f4beb379b864cbd8787eefc77c8e,
    type: 2}
  m_PrefabInternal: {fileID: 1951192262}
  m_Script: {fileID: 11500000, guid: 7a08376246c18734a8dd79822422e57b, type: 3}
--- !u!1 &789150355
GameObject:
  m_ObjectHideFlags: 0
  m_PrefabParentObject: {fileID: 1743711304925592, guid: 2363e367bc2e646409ff5bbe25f49c97,
    type: 2}
  m_PrefabInternal: {fileID: 0}
  serializedVersion: 5
  m_Component:
  - component: {fileID: 789150360}
  - component: {fileID: 789150359}
  - component: {fileID: 789150358}
  - component: {fileID: 789150357}
  - component: {fileID: 789150356}
  m_Layer: 5
  m_Name: Canvas
  m_TagString: Untagged
  m_Icon: {fileID: 0}
  m_NavMeshLayer: 0
  m_StaticEditorFlags: 0
  m_IsActive: 1
--- !u!114 &789150356
MonoBehaviour:
  m_ObjectHideFlags: 0
  m_PrefabParentObject: {fileID: 114572784214581652, guid: 2363e367bc2e646409ff5bbe25f49c97,
    type: 2}
  m_PrefabInternal: {fileID: 0}
  m_GameObject: {fileID: 789150355}
  m_Enabled: 1
  m_EditorHideFlags: 0
  m_Script: {fileID: 11500000, guid: 1b1d16dc13ba9fc4e80a600d0f6ccf14, type: 3}
  m_Name: 
  m_EditorClassIdentifier: 
  fade: {fileID: 876384619}
  baseColor: {r: 0, g: 0, b: 0, a: 1}
--- !u!114 &789150357
MonoBehaviour:
  m_ObjectHideFlags: 0
  m_PrefabParentObject: {fileID: 114562854795310508, guid: 2363e367bc2e646409ff5bbe25f49c97,
    type: 2}
  m_PrefabInternal: {fileID: 0}
  m_GameObject: {fileID: 789150355}
  m_Enabled: 1
  m_EditorHideFlags: 0
  m_Script: {fileID: 1301386320, guid: f70555f144d8491a825f0804e09c671c, type: 3}
  m_Name: 
  m_EditorClassIdentifier: 
  m_IgnoreReversedGraphics: 1
  m_BlockingObjects: 0
  m_BlockingMask:
    serializedVersion: 2
    m_Bits: 4294967295
--- !u!114 &789150358
MonoBehaviour:
  m_ObjectHideFlags: 0
  m_PrefabParentObject: {fileID: 114532865591383260, guid: 2363e367bc2e646409ff5bbe25f49c97,
    type: 2}
  m_PrefabInternal: {fileID: 0}
  m_GameObject: {fileID: 789150355}
  m_Enabled: 1
  m_EditorHideFlags: 0
  m_Script: {fileID: 1980459831, guid: f70555f144d8491a825f0804e09c671c, type: 3}
  m_Name: 
  m_EditorClassIdentifier: 
  m_UiScaleMode: 0
  m_ReferencePixelsPerUnit: 100
  m_ScaleFactor: 1
  m_ReferenceResolution: {x: 800, y: 600}
  m_ScreenMatchMode: 0
  m_MatchWidthOrHeight: 0
  m_PhysicalUnit: 3
  m_FallbackScreenDPI: 96
  m_DefaultSpriteDPI: 96
  m_DynamicPixelsPerUnit: 1
--- !u!223 &789150359
Canvas:
  m_ObjectHideFlags: 0
  m_PrefabParentObject: {fileID: 223146598037633710, guid: 2363e367bc2e646409ff5bbe25f49c97,
    type: 2}
  m_PrefabInternal: {fileID: 0}
  m_GameObject: {fileID: 789150355}
  m_Enabled: 1
  serializedVersion: 3
  m_RenderMode: 0
  m_Camera: {fileID: 0}
  m_PlaneDistance: 100
  m_PixelPerfect: 0
  m_ReceivesEvents: 1
  m_OverrideSorting: 0
  m_OverridePixelPerfect: 0
  m_SortingBucketNormalizedSize: 0
  m_AdditionalShaderChannelsFlag: 0
  m_SortingLayerID: 0
  m_SortingOrder: 0
  m_TargetDisplay: 0
--- !u!224 &789150360
RectTransform:
  m_ObjectHideFlags: 0
  m_PrefabParentObject: {fileID: 224497905322655544, guid: 2363e367bc2e646409ff5bbe25f49c97,
    type: 2}
  m_PrefabInternal: {fileID: 0}
  m_GameObject: {fileID: 789150355}
  m_LocalRotation: {x: 0, y: 0, z: 0, w: 1}
  m_LocalPosition: {x: 574.5, y: 308.5, z: 0}
  m_LocalScale: {x: 1, y: 1, z: 1}
  m_Children:
  - {fileID: 876384618}
  m_Father: {fileID: 0}
  m_RootOrder: 4
  m_LocalEulerAnglesHint: {x: 0, y: 0, z: 0}
  m_AnchorMin: {x: 0.5, y: 0.5}
  m_AnchorMax: {x: 0.5, y: 0.5}
  m_AnchoredPosition: {x: 0, y: 0}
  m_SizeDelta: {x: 100, y: 100}
  m_Pivot: {x: 0.5, y: 0.5}
--- !u!1 &840338402
GameObject:
  m_ObjectHideFlags: 0
  m_PrefabParentObject: {fileID: 1735151269696648, guid: b7b01591ef18b76489f22ecc2e89c571,
    type: 2}
  m_PrefabInternal: {fileID: 0}
  serializedVersion: 5
  m_Component:
  - component: {fileID: 840338403}
  - component: {fileID: 840338404}
  m_Layer: 0
  m_Name: CorridorN
  m_TagString: Untagged
  m_Icon: {fileID: 0}
  m_NavMeshLayer: 0
  m_StaticEditorFlags: 0
  m_IsActive: 1
--- !u!4 &840338403
Transform:
  m_ObjectHideFlags: 0
  m_PrefabParentObject: {fileID: 4617948205556560, guid: b7b01591ef18b76489f22ecc2e89c571,
    type: 2}
  m_PrefabInternal: {fileID: 0}
  m_GameObject: {fileID: 840338402}
  m_LocalRotation: {x: -0, y: -0, z: -0, w: 1}
  m_LocalPosition: {x: 0, y: 5, z: 0}
  m_LocalScale: {x: 0.6, y: 0.5, z: 0.35489964}
  m_Children:
  - {fileID: 1995310677}
  m_Father: {fileID: 268090406}
  m_RootOrder: 2
  m_LocalEulerAnglesHint: {x: 0, y: 0, z: 0}
--- !u!212 &840338404
SpriteRenderer:
  m_ObjectHideFlags: 0
  m_PrefabParentObject: {fileID: 212810516000514240, guid: b7b01591ef18b76489f22ecc2e89c571,
    type: 2}
  m_PrefabInternal: {fileID: 0}
  m_GameObject: {fileID: 840338402}
  m_Enabled: 1
  m_CastShadows: 0
  m_ReceiveShadows: 0
  m_DynamicOccludee: 1
  m_MotionVectors: 1
  m_LightProbeUsage: 1
  m_ReflectionProbeUsage: 1
  m_Materials:
  - {fileID: 2100000, guid: 188c3b8672676854d8050ae39eba6bd6, type: 2}
  m_StaticBatchInfo:
    firstSubMesh: 0
    subMeshCount: 0
  m_StaticBatchRoot: {fileID: 0}
  m_ProbeAnchor: {fileID: 0}
  m_LightProbeVolumeOverride: {fileID: 0}
  m_ScaleInLightmap: 1
  m_PreserveUVs: 0
  m_IgnoreNormalsForChartDetection: 0
  m_ImportantGI: 0
  m_StitchLightmapSeams: 0
  m_SelectedEditorRenderState: 0
  m_MinimumChartSize: 4
  m_AutoUVMaxDistance: 0.5
  m_AutoUVMaxAngle: 89
  m_LightmapParameters: {fileID: 0}
  m_SortingLayerID: 0
  m_SortingLayer: 0
  m_SortingOrder: 0
  m_Sprite: {fileID: 21300000, guid: a127968cf05985e47912f42b53af1f48, type: 3}
  m_Color: {r: 0.7058823, g: 0.7058823, b: 0.7058823, a: 1}
  m_FlipX: 0
  m_FlipY: 0
  m_DrawMode: 0
  m_Size: {x: 1, y: 1}
  m_AdaptiveModeThreshold: 0.5
  m_SpriteTileMode: 0
  m_WasSpriteAssigned: 1
  m_MaskInteraction: 0
--- !u!1001 &871056488
Prefab:
  m_ObjectHideFlags: 0
  serializedVersion: 2
  m_Modification:
    m_TransformParent: {fileID: 268090406}
    m_Modifications:
    - target: {fileID: 4113439614639276, guid: 39f8f4beb379b864cbd8787eefc77c8e, type: 2}
      propertyPath: m_LocalPosition.x
      value: -6.199
      objectReference: {fileID: 0}
    - target: {fileID: 4113439614639276, guid: 39f8f4beb379b864cbd8787eefc77c8e, type: 2}
      propertyPath: m_LocalPosition.y
      value: 0
      objectReference: {fileID: 0}
    - target: {fileID: 4113439614639276, guid: 39f8f4beb379b864cbd8787eefc77c8e, type: 2}
      propertyPath: m_LocalPosition.z
      value: 0
      objectReference: {fileID: 0}
    - target: {fileID: 4113439614639276, guid: 39f8f4beb379b864cbd8787eefc77c8e, type: 2}
      propertyPath: m_LocalRotation.x
      value: -0
      objectReference: {fileID: 0}
    - target: {fileID: 4113439614639276, guid: 39f8f4beb379b864cbd8787eefc77c8e, type: 2}
      propertyPath: m_LocalRotation.y
      value: -0
      objectReference: {fileID: 0}
    - target: {fileID: 4113439614639276, guid: 39f8f4beb379b864cbd8787eefc77c8e, type: 2}
      propertyPath: m_LocalRotation.z
      value: -0.70710576
      objectReference: {fileID: 0}
    - target: {fileID: 4113439614639276, guid: 39f8f4beb379b864cbd8787eefc77c8e, type: 2}
      propertyPath: m_LocalRotation.w
      value: 0.7071078
      objectReference: {fileID: 0}
    - target: {fileID: 4113439614639276, guid: 39f8f4beb379b864cbd8787eefc77c8e, type: 2}
      propertyPath: m_RootOrder
      value: 11
      objectReference: {fileID: 0}
    - target: {fileID: 1733679127352682, guid: 39f8f4beb379b864cbd8787eefc77c8e, type: 2}
      propertyPath: m_Name
      value: DoorW
      objectReference: {fileID: 0}
    m_RemovedComponents: []
  m_ParentPrefab: {fileID: 100100000, guid: 39f8f4beb379b864cbd8787eefc77c8e, type: 2}
  m_IsPrefabParent: 0
--- !u!4 &871056489 stripped
Transform:
  m_PrefabParentObject: {fileID: 4113439614639276, guid: 39f8f4beb379b864cbd8787eefc77c8e,
    type: 2}
  m_PrefabInternal: {fileID: 871056488}
--- !u!1 &876384617
GameObject:
  m_ObjectHideFlags: 0
  m_PrefabParentObject: {fileID: 1420830062768202, guid: 2363e367bc2e646409ff5bbe25f49c97,
    type: 2}
  m_PrefabInternal: {fileID: 0}
  serializedVersion: 5
  m_Component:
  - component: {fileID: 876384618}
  - component: {fileID: 876384620}
  - component: {fileID: 876384619}
  m_Layer: 5
  m_Name: Fade
  m_TagString: Untagged
  m_Icon: {fileID: 0}
  m_NavMeshLayer: 0
  m_StaticEditorFlags: 0
  m_IsActive: 0
--- !u!224 &876384618
RectTransform:
  m_ObjectHideFlags: 0
  m_PrefabParentObject: {fileID: 224338838460775664, guid: 2363e367bc2e646409ff5bbe25f49c97,
    type: 2}
  m_PrefabInternal: {fileID: 0}
  m_GameObject: {fileID: 876384617}
  m_LocalRotation: {x: 0, y: 0, z: 0, w: 1}
  m_LocalPosition: {x: 0, y: 0, z: 0}
  m_LocalScale: {x: 1, y: 1, z: 1}
  m_Children: []
  m_Father: {fileID: 789150360}
  m_RootOrder: 0
  m_LocalEulerAnglesHint: {x: 0, y: 0, z: 0}
  m_AnchorMin: {x: 0, y: 0}
  m_AnchorMax: {x: 1, y: 1}
  m_AnchoredPosition: {x: 0, y: 0}
  m_SizeDelta: {x: 0, y: 0}
  m_Pivot: {x: 0.5, y: 0.5}
--- !u!114 &876384619
MonoBehaviour:
  m_ObjectHideFlags: 0
  m_PrefabParentObject: {fileID: 114019340712855376, guid: 2363e367bc2e646409ff5bbe25f49c97,
    type: 2}
  m_PrefabInternal: {fileID: 0}
  m_GameObject: {fileID: 876384617}
  m_Enabled: 1
  m_EditorHideFlags: 0
  m_Script: {fileID: -765806418, guid: f70555f144d8491a825f0804e09c671c, type: 3}
  m_Name: 
  m_EditorClassIdentifier: 
  m_Material: {fileID: 0}
  m_Color: {r: 0, g: 0, b: 0, a: 1}
  m_RaycastTarget: 1
  m_OnCullStateChanged:
    m_PersistentCalls:
      m_Calls: []
    m_TypeName: UnityEngine.UI.MaskableGraphic+CullStateChangedEvent, UnityEngine.UI,
      Version=1.0.0.0, Culture=neutral, PublicKeyToken=null
  m_Sprite: {fileID: 21300000, guid: b0c2969b54e969544a337ae84be61d24, type: 3}
  m_Type: 0
  m_PreserveAspect: 0
  m_FillCenter: 1
  m_FillMethod: 4
  m_FillAmount: 1
  m_FillClockwise: 1
  m_FillOrigin: 0
--- !u!222 &876384620
CanvasRenderer:
  m_ObjectHideFlags: 0
  m_PrefabParentObject: {fileID: 222363432385067168, guid: 2363e367bc2e646409ff5bbe25f49c97,
    type: 2}
  m_PrefabInternal: {fileID: 0}
  m_GameObject: {fileID: 876384617}
--- !u!1 &927293231
GameObject:
  m_ObjectHideFlags: 0
  m_PrefabParentObject: {fileID: 0}
  m_PrefabInternal: {fileID: 0}
  serializedVersion: 5
  m_Component:
  - component: {fileID: 927293232}
  - component: {fileID: 927293233}
  m_Layer: 0
  m_Name: ExitMusic
  m_TagString: ExitMusic
  m_Icon: {fileID: 0}
  m_NavMeshLayer: 0
  m_StaticEditorFlags: 0
  m_IsActive: 1
--- !u!4 &927293232
Transform:
  m_ObjectHideFlags: 0
  m_PrefabParentObject: {fileID: 0}
  m_PrefabInternal: {fileID: 0}
  m_GameObject: {fileID: 927293231}
  m_LocalRotation: {x: -0, y: -0, z: -0, w: 1}
  m_LocalPosition: {x: 0, y: -1.4899998, z: -10}
  m_LocalScale: {x: 1, y: 1, z: 1}
  m_Children: []
  m_Father: {fileID: 0}
  m_RootOrder: 7
  m_LocalEulerAnglesHint: {x: 0, y: 0, z: 0}
--- !u!82 &927293233
AudioSource:
  m_ObjectHideFlags: 0
  m_PrefabParentObject: {fileID: 0}
  m_PrefabInternal: {fileID: 0}
  m_GameObject: {fileID: 927293231}
  m_Enabled: 1
  serializedVersion: 4
  OutputAudioMixerGroup: {fileID: 0}
  m_audioClip: {fileID: 8300000, guid: 7564b141f303e34479292212f3ddebdd, type: 3}
  m_PlayOnAwake: 0
  m_Volume: 1
  m_Pitch: 1
  Loop: 1
  Mute: 0
  Spatialize: 0
  SpatializePostEffects: 0
  Priority: 128
  DopplerLevel: 1
  MinDistance: 1
  MaxDistance: 500
  Pan2D: 0
  rolloffMode: 0
  BypassEffects: 0
  BypassListenerEffects: 0
  BypassReverbZones: 0
  rolloffCustomCurve:
    serializedVersion: 2
    m_Curve:
    - serializedVersion: 2
      time: 0
      value: 1
      inSlope: 0
      outSlope: 0
      tangentMode: 0
    - serializedVersion: 2
      time: 1
      value: 0
      inSlope: 0
      outSlope: 0
      tangentMode: 0
    m_PreInfinity: 2
    m_PostInfinity: 2
    m_RotationOrder: 4
  panLevelCustomCurve:
    serializedVersion: 2
    m_Curve:
    - serializedVersion: 2
      time: 0
      value: 0
      inSlope: 0
      outSlope: 0
      tangentMode: 0
    m_PreInfinity: 2
    m_PostInfinity: 2
    m_RotationOrder: 0
  spreadCustomCurve:
    serializedVersion: 2
    m_Curve:
    - serializedVersion: 2
      time: 0
      value: 0
      inSlope: 0
      outSlope: 0
      tangentMode: 0
    m_PreInfinity: 2
    m_PostInfinity: 2
    m_RotationOrder: 0
  reverbZoneMixCustomCurve:
    serializedVersion: 2
    m_Curve:
    - serializedVersion: 2
      time: 0
      value: 1
      inSlope: 0
      outSlope: 0
      tangentMode: 0
    m_PreInfinity: 2
    m_PostInfinity: 2
    m_RotationOrder: 0
--- !u!1 &949659249
GameObject:
  m_ObjectHideFlags: 0
  m_PrefabParentObject: {fileID: 0}
  m_PrefabInternal: {fileID: 0}
  serializedVersion: 5
  m_Component:
  - component: {fileID: 949659250}
  - component: {fileID: 949659251}
  m_Layer: 0
  m_Name: Appearance
  m_TagString: Untagged
  m_Icon: {fileID: 0}
  m_NavMeshLayer: 0
  m_StaticEditorFlags: 0
  m_IsActive: 1
--- !u!4 &949659250
Transform:
  m_ObjectHideFlags: 0
  m_PrefabParentObject: {fileID: 0}
  m_PrefabInternal: {fileID: 0}
  m_GameObject: {fileID: 949659249}
  m_LocalRotation: {x: 0, y: 0, z: 0, w: 1}
  m_LocalPosition: {x: 0, y: 0, z: 0}
  m_LocalScale: {x: 1, y: 1, z: 1}
  m_Children:
  - {fileID: 1150673940}
  - {fileID: 1060055083}
  - {fileID: 157055537}
  - {fileID: 56966142}
  m_Father: {fileID: 268090406}
  m_RootOrder: 3
  m_LocalEulerAnglesHint: {x: 0, y: 0, z: 0}
--- !u!210 &949659251
SortingGroup:
  m_ObjectHideFlags: 0
  m_PrefabParentObject: {fileID: 0}
  m_PrefabInternal: {fileID: 0}
  m_GameObject: {fileID: 949659249}
  m_Enabled: 1
  m_SortingLayerID: 0
  m_SortingLayer: 0
  m_SortingOrder: -1
--- !u!114 &968989278 stripped
MonoBehaviour:
  m_PrefabParentObject: {fileID: 114499025622009862, guid: 39f8f4beb379b864cbd8787eefc77c8e,
    type: 2}
  m_PrefabInternal: {fileID: 871056488}
  m_Script: {fileID: 11500000, guid: 7a08376246c18734a8dd79822422e57b, type: 3}
--- !u!1001 &975371775
Prefab:
  m_ObjectHideFlags: 0
  serializedVersion: 2
  m_Modification:
    m_TransformParent: {fileID: 268090406}
    m_Modifications:
    - target: {fileID: 4113439614639276, guid: 39f8f4beb379b864cbd8787eefc77c8e, type: 2}
      propertyPath: m_LocalPosition.x
      value: 0
      objectReference: {fileID: 0}
    - target: {fileID: 4113439614639276, guid: 39f8f4beb379b864cbd8787eefc77c8e, type: 2}
      propertyPath: m_LocalPosition.y
      value: 3.684
      objectReference: {fileID: 0}
    - target: {fileID: 4113439614639276, guid: 39f8f4beb379b864cbd8787eefc77c8e, type: 2}
      propertyPath: m_LocalPosition.z
      value: 0
      objectReference: {fileID: 0}
    - target: {fileID: 4113439614639276, guid: 39f8f4beb379b864cbd8787eefc77c8e, type: 2}
      propertyPath: m_LocalRotation.x
      value: -0
      objectReference: {fileID: 0}
    - target: {fileID: 4113439614639276, guid: 39f8f4beb379b864cbd8787eefc77c8e, type: 2}
      propertyPath: m_LocalRotation.y
      value: -0
      objectReference: {fileID: 0}
    - target: {fileID: 4113439614639276, guid: 39f8f4beb379b864cbd8787eefc77c8e, type: 2}
      propertyPath: m_LocalRotation.z
      value: -0
      objectReference: {fileID: 0}
    - target: {fileID: 4113439614639276, guid: 39f8f4beb379b864cbd8787eefc77c8e, type: 2}
      propertyPath: m_LocalRotation.w
      value: 1
      objectReference: {fileID: 0}
    - target: {fileID: 4113439614639276, guid: 39f8f4beb379b864cbd8787eefc77c8e, type: 2}
      propertyPath: m_RootOrder
      value: 5
      objectReference: {fileID: 0}
    - target: {fileID: 1733679127352682, guid: 39f8f4beb379b864cbd8787eefc77c8e, type: 2}
      propertyPath: m_Name
      value: DoorN
      objectReference: {fileID: 0}
    m_RemovedComponents: []
  m_ParentPrefab: {fileID: 100100000, guid: 39f8f4beb379b864cbd8787eefc77c8e, type: 2}
  m_IsPrefabParent: 0
--- !u!1 &1040776849
GameObject:
  m_ObjectHideFlags: 0
  m_PrefabParentObject: {fileID: 1735151269696648, guid: b7b01591ef18b76489f22ecc2e89c571,
    type: 2}
  m_PrefabInternal: {fileID: 0}
  serializedVersion: 5
  m_Component:
  - component: {fileID: 1040776850}
  - component: {fileID: 1040776851}
  m_Layer: 0
  m_Name: CorridorW
  m_TagString: Untagged
  m_Icon: {fileID: 0}
  m_NavMeshLayer: 0
  m_StaticEditorFlags: 0
  m_IsActive: 1
--- !u!4 &1040776850
Transform:
  m_ObjectHideFlags: 0
  m_PrefabParentObject: {fileID: 4617948205556560, guid: b7b01591ef18b76489f22ecc2e89c571,
    type: 2}
  m_PrefabInternal: {fileID: 0}
  m_GameObject: {fileID: 1040776849}
  m_LocalRotation: {x: -0, y: -0, z: 0.70710576, w: 0.7071078}
  m_LocalPosition: {x: -7.52, y: 0, z: 0}
  m_LocalScale: {x: 0.59999996, y: 0.495, z: 0.3549}
  m_Children: []
  m_Father: {fileID: 268090406}
  m_RootOrder: 7
  m_LocalEulerAnglesHint: {x: 0, y: 0, z: 90.00001}
--- !u!212 &1040776851
SpriteRenderer:
  m_ObjectHideFlags: 0
  m_PrefabParentObject: {fileID: 212810516000514240, guid: b7b01591ef18b76489f22ecc2e89c571,
    type: 2}
  m_PrefabInternal: {fileID: 0}
  m_GameObject: {fileID: 1040776849}
  m_Enabled: 1
  m_CastShadows: 0
  m_ReceiveShadows: 0
  m_DynamicOccludee: 1
  m_MotionVectors: 1
  m_LightProbeUsage: 1
  m_ReflectionProbeUsage: 1
  m_Materials:
  - {fileID: 2100000, guid: 188c3b8672676854d8050ae39eba6bd6, type: 2}
  m_StaticBatchInfo:
    firstSubMesh: 0
    subMeshCount: 0
  m_StaticBatchRoot: {fileID: 0}
  m_ProbeAnchor: {fileID: 0}
  m_LightProbeVolumeOverride: {fileID: 0}
  m_ScaleInLightmap: 1
  m_PreserveUVs: 0
  m_IgnoreNormalsForChartDetection: 0
  m_ImportantGI: 0
  m_StitchLightmapSeams: 0
  m_SelectedEditorRenderState: 0
  m_MinimumChartSize: 4
  m_AutoUVMaxDistance: 0.5
  m_AutoUVMaxAngle: 89
  m_LightmapParameters: {fileID: 0}
  m_SortingLayerID: 0
  m_SortingLayer: 0
  m_SortingOrder: 0
  m_Sprite: {fileID: 21300000, guid: a127968cf05985e47912f42b53af1f48, type: 3}
  m_Color: {r: 0.7058823, g: 0.7058823, b: 0.7058823, a: 1}
  m_FlipX: 0
  m_FlipY: 0
  m_DrawMode: 0
  m_Size: {x: 1, y: 1}
  m_AdaptiveModeThreshold: 0.5
  m_SpriteTileMode: 0
  m_WasSpriteAssigned: 1
  m_MaskInteraction: 0
--- !u!1 &1060055082
GameObject:
  m_ObjectHideFlags: 0
  m_PrefabParentObject: {fileID: 0}
  m_PrefabInternal: {fileID: 0}
  serializedVersion: 5
  m_Component:
  - component: {fileID: 1060055083}
  - component: {fileID: 1060055085}
  - component: {fileID: 1060055084}
  m_Layer: 0
  m_Name: FloorMask
  m_TagString: Untagged
  m_Icon: {fileID: 0}
  m_NavMeshLayer: 0
  m_StaticEditorFlags: 0
  m_IsActive: 1
--- !u!4 &1060055083
Transform:
  m_ObjectHideFlags: 0
  m_PrefabParentObject: {fileID: 0}
  m_PrefabInternal: {fileID: 0}
  m_GameObject: {fileID: 1060055082}
  m_LocalRotation: {x: -0, y: -0, z: -0, w: 1}
  m_LocalPosition: {x: -0.012, y: 0.021, z: 0.1}
  m_LocalScale: {x: 11.89938, y: 6.74843, z: 1.14363}
  m_Children: []
  m_Father: {fileID: 949659250}
  m_RootOrder: 1
  m_LocalEulerAnglesHint: {x: 0, y: 0, z: 0}
--- !u!331 &1060055084
SpriteMask:
  m_ObjectHideFlags: 0
  m_PrefabParentObject: {fileID: 0}
  m_PrefabInternal: {fileID: 0}
  m_GameObject: {fileID: 1060055082}
  m_Enabled: 1
  m_CastShadows: 1
  m_ReceiveShadows: 1
  m_DynamicOccludee: 1
  m_MotionVectors: 1
  m_LightProbeUsage: 1
  m_ReflectionProbeUsage: 1
  m_Materials:
  - {fileID: 10758, guid: 0000000000000000f000000000000000, type: 0}
  m_StaticBatchInfo:
    firstSubMesh: 0
    subMeshCount: 0
  m_StaticBatchRoot: {fileID: 0}
  m_ProbeAnchor: {fileID: 0}
  m_LightProbeVolumeOverride: {fileID: 0}
  m_ScaleInLightmap: 1
  m_PreserveUVs: 0
  m_IgnoreNormalsForChartDetection: 0
  m_ImportantGI: 0
  m_StitchLightmapSeams: 0
  m_SelectedEditorRenderState: 3
  m_MinimumChartSize: 4
  m_AutoUVMaxDistance: 0.5
  m_AutoUVMaxAngle: 89
  m_LightmapParameters: {fileID: 0}
  m_SortingLayerID: 0
  m_SortingLayer: 0
  m_SortingOrder: 0
  m_Sprite: {fileID: 21300000, guid: b0c2969b54e969544a337ae84be61d24, type: 3}
  m_MaskAlphaCutoff: 0.2
  m_FrontSortingLayerID: 0
  m_BackSortingLayerID: 0
  m_FrontSortingLayer: 0
  m_BackSortingLayer: 0
  m_FrontSortingOrder: 0
  m_BackSortingOrder: 0
  m_IsCustomRangeActive: 0
--- !u!212 &1060055085
SpriteRenderer:
  m_ObjectHideFlags: 0
  m_PrefabParentObject: {fileID: 0}
  m_PrefabInternal: {fileID: 0}
  m_GameObject: {fileID: 1060055082}
  m_Enabled: 0
  m_CastShadows: 0
  m_ReceiveShadows: 0
  m_DynamicOccludee: 1
  m_MotionVectors: 1
  m_LightProbeUsage: 1
  m_ReflectionProbeUsage: 1
  m_Materials:
  - {fileID: 2100000, guid: 188c3b8672676854d8050ae39eba6bd6, type: 2}
  m_StaticBatchInfo:
    firstSubMesh: 0
    subMeshCount: 0
  m_StaticBatchRoot: {fileID: 0}
  m_ProbeAnchor: {fileID: 0}
  m_LightProbeVolumeOverride: {fileID: 0}
  m_ScaleInLightmap: 1
  m_PreserveUVs: 0
  m_IgnoreNormalsForChartDetection: 0
  m_ImportantGI: 0
  m_StitchLightmapSeams: 0
  m_SelectedEditorRenderState: 0
  m_MinimumChartSize: 4
  m_AutoUVMaxDistance: 0.5
  m_AutoUVMaxAngle: 89
  m_LightmapParameters: {fileID: 0}
  m_SortingLayerID: 0
  m_SortingLayer: 0
  m_SortingOrder: -2
  m_Sprite: {fileID: 21300000, guid: b0c2969b54e969544a337ae84be61d24, type: 3}
  m_Color: {r: 1, g: 1, b: 1, a: 1}
  m_FlipX: 0
  m_FlipY: 0
  m_DrawMode: 0
  m_Size: {x: 1, y: 1}
  m_AdaptiveModeThreshold: 0.5
  m_SpriteTileMode: 0
  m_WasSpriteAssigned: 1
  m_MaskInteraction: 0
--- !u!1 &1150673939
GameObject:
  m_ObjectHideFlags: 0
  m_PrefabParentObject: {fileID: 0}
  m_PrefabInternal: {fileID: 0}
  serializedVersion: 5
  m_Component:
  - component: {fileID: 1150673940}
  - component: {fileID: 1150673941}
  m_Layer: 0
  m_Name: Floor
  m_TagString: Untagged
  m_Icon: {fileID: 0}
  m_NavMeshLayer: 0
  m_StaticEditorFlags: 0
  m_IsActive: 1
--- !u!4 &1150673940
Transform:
  m_ObjectHideFlags: 0
  m_PrefabParentObject: {fileID: 0}
  m_PrefabInternal: {fileID: 0}
  m_GameObject: {fileID: 1150673939}
  m_LocalRotation: {x: -0, y: -0, z: -0, w: 1}
  m_LocalPosition: {x: 0, y: 0, z: 0.1}
  m_LocalScale: {x: 0.5, y: 0.5, z: 1.14363}
  m_Children: []
  m_Father: {fileID: 949659250}
  m_RootOrder: 0
  m_LocalEulerAnglesHint: {x: 0, y: 0, z: 0}
--- !u!212 &1150673941
SpriteRenderer:
  m_ObjectHideFlags: 0
  m_PrefabParentObject: {fileID: 0}
  m_PrefabInternal: {fileID: 0}
  m_GameObject: {fileID: 1150673939}
  m_Enabled: 1
  m_CastShadows: 0
  m_ReceiveShadows: 0
  m_DynamicOccludee: 1
  m_MotionVectors: 1
  m_LightProbeUsage: 1
  m_ReflectionProbeUsage: 1
  m_Materials:
  - {fileID: 2100000, guid: 188c3b8672676854d8050ae39eba6bd6, type: 2}
  m_StaticBatchInfo:
    firstSubMesh: 0
    subMeshCount: 0
  m_StaticBatchRoot: {fileID: 0}
  m_ProbeAnchor: {fileID: 0}
  m_LightProbeVolumeOverride: {fileID: 0}
  m_ScaleInLightmap: 1
  m_PreserveUVs: 0
  m_IgnoreNormalsForChartDetection: 0
  m_ImportantGI: 0
  m_StitchLightmapSeams: 0
  m_SelectedEditorRenderState: 0
  m_MinimumChartSize: 4
  m_AutoUVMaxDistance: 0.5
  m_AutoUVMaxAngle: 89
  m_LightmapParameters: {fileID: 0}
  m_SortingLayerID: 0
  m_SortingLayer: 0
  m_SortingOrder: -1
  m_Sprite: {fileID: 21300000, guid: 4c58036de86a2d4429d86c5fe84fc6e1, type: 3}
  m_Color: {r: 1, g: 1, b: 1, a: 1}
  m_FlipX: 0
  m_FlipY: 0
  m_DrawMode: 0
  m_Size: {x: 26.64, y: 15.92}
  m_AdaptiveModeThreshold: 0.5
  m_SpriteTileMode: 0
  m_WasSpriteAssigned: 1
  m_MaskInteraction: 0
--- !u!1 &1168263422
GameObject:
  m_ObjectHideFlags: 0
  m_PrefabParentObject: {fileID: 0}
  m_PrefabInternal: {fileID: 0}
  serializedVersion: 5
  m_Component:
  - component: {fileID: 1168263423}
  - component: {fileID: 1168263424}
  m_Layer: 0
  m_Name: Light
  m_TagString: Untagged
  m_Icon: {fileID: 0}
  m_NavMeshLayer: 0
  m_StaticEditorFlags: 0
  m_IsActive: 1
--- !u!4 &1168263423
Transform:
  m_ObjectHideFlags: 0
  m_PrefabParentObject: {fileID: 0}
  m_PrefabInternal: {fileID: 0}
  m_GameObject: {fileID: 1168263422}
  m_LocalRotation: {x: -0, y: -0, z: -0, w: 1}
  m_LocalPosition: {x: -0.28, y: -0.07, z: -17.7}
  m_LocalScale: {x: 0.59999996, y: 0.505, z: 0.3549}
  m_Children: []
  m_Father: {fileID: 1692285234}
  m_RootOrder: 4
  m_LocalEulerAnglesHint: {x: 0, y: 0, z: 0}
--- !u!108 &1168263424
Light:
  m_ObjectHideFlags: 0
  m_PrefabParentObject: {fileID: 0}
  m_PrefabInternal: {fileID: 0}
  m_GameObject: {fileID: 1168263422}
  m_Enabled: 1
  serializedVersion: 8
  m_Type: 0
  m_Color: {r: 1, g: 1, b: 1, a: 1}
  m_Intensity: 30
  m_Range: 20
  m_SpotAngle: 63.61559
  m_CookieSize: 10
  m_Shadows:
    m_Type: 0
    m_Resolution: -1
    m_CustomResolution: -1
    m_Strength: 1
    m_Bias: 0.05
    m_NormalBias: 0.4
    m_NearPlane: 0.2
  m_Cookie: {fileID: 0}
  m_DrawHalo: 0
  m_Flare: {fileID: 0}
  m_RenderMode: 0
  m_CullingMask:
    serializedVersion: 2
    m_Bits: 4294967295
  m_Lightmapping: 4
  m_AreaSize: {x: 1, y: 1}
  m_BounceIntensity: 1
  m_ColorTemperature: 6570
  m_UseColorTemperature: 0
  m_ShadowRadius: 0
  m_ShadowAngle: 0
--- !u!1001 &1238911614
Prefab:
  m_ObjectHideFlags: 0
  serializedVersion: 2
  m_Modification:
    m_TransformParent: {fileID: 0}
    m_Modifications:
    - target: {fileID: 4898053611186796, guid: fe308dbe1956e7340adeb5307939cbd0, type: 2}
      propertyPath: m_LocalPosition.x
      value: 0
      objectReference: {fileID: 0}
    - target: {fileID: 4898053611186796, guid: fe308dbe1956e7340adeb5307939cbd0, type: 2}
      propertyPath: m_LocalPosition.y
      value: -0.79
      objectReference: {fileID: 0}
    - target: {fileID: 4898053611186796, guid: fe308dbe1956e7340adeb5307939cbd0, type: 2}
      propertyPath: m_LocalPosition.z
      value: -1
      objectReference: {fileID: 0}
    - target: {fileID: 4898053611186796, guid: fe308dbe1956e7340adeb5307939cbd0, type: 2}
      propertyPath: m_LocalRotation.x
      value: -0
      objectReference: {fileID: 0}
    - target: {fileID: 4898053611186796, guid: fe308dbe1956e7340adeb5307939cbd0, type: 2}
      propertyPath: m_LocalRotation.y
      value: -0
      objectReference: {fileID: 0}
    - target: {fileID: 4898053611186796, guid: fe308dbe1956e7340adeb5307939cbd0, type: 2}
      propertyPath: m_LocalRotation.z
      value: -0
      objectReference: {fileID: 0}
    - target: {fileID: 4898053611186796, guid: fe308dbe1956e7340adeb5307939cbd0, type: 2}
      propertyPath: m_LocalRotation.w
      value: 1
      objectReference: {fileID: 0}
    - target: {fileID: 4898053611186796, guid: fe308dbe1956e7340adeb5307939cbd0, type: 2}
      propertyPath: m_RootOrder
      value: 5
      objectReference: {fileID: 0}
    m_RemovedComponents: []
  m_ParentPrefab: {fileID: 100100000, guid: fe308dbe1956e7340adeb5307939cbd0, type: 2}
  m_IsPrefabParent: 0
--- !u!1 &1269597020
GameObject:
  m_ObjectHideFlags: 0
  m_PrefabParentObject: {fileID: 1191950490550550, guid: b7b01591ef18b76489f22ecc2e89c571,
    type: 2}
  m_PrefabInternal: {fileID: 0}
  serializedVersion: 5
  m_Component:
  - component: {fileID: 1269597021}
  - component: {fileID: 1269597031}
  - component: {fileID: 1269597030}
  - component: {fileID: 1269597029}
  - component: {fileID: 1269597028}
  - component: {fileID: 1269597027}
  - component: {fileID: 1269597026}
  - component: {fileID: 1269597025}
  - component: {fileID: 1269597024}
  - component: {fileID: 1269597023}
  - component: {fileID: 1269597022}
  m_Layer: 10
  m_Name: Collisions
  m_TagString: Wall
  m_Icon: {fileID: 0}
  m_NavMeshLayer: 0
  m_StaticEditorFlags: 0
  m_IsActive: 1
--- !u!4 &1269597021
Transform:
  m_ObjectHideFlags: 0
  m_PrefabParentObject: {fileID: 4813992593917426, guid: b7b01591ef18b76489f22ecc2e89c571,
    type: 2}
  m_PrefabInternal: {fileID: 0}
  m_GameObject: {fileID: 1269597020}
  m_LocalRotation: {x: -0, y: -0, z: -0, w: 1}
  m_LocalPosition: {x: 0, y: 0, z: 0}
  m_LocalScale: {x: 12, y: 7, z: 1}
  m_Children: []
  m_Father: {fileID: 268090406}
  m_RootOrder: 1
  m_LocalEulerAnglesHint: {x: 0, y: 0, z: 0}
--- !u!61 &1269597022
BoxCollider2D:
  m_ObjectHideFlags: 0
  m_PrefabParentObject: {fileID: 61588421464067410, guid: b7b01591ef18b76489f22ecc2e89c571,
    type: 2}
  m_PrefabInternal: {fileID: 0}
  m_GameObject: {fileID: 1269597020}
  m_Enabled: 1
  m_Density: 1
  m_Material: {fileID: 0}
  m_IsTrigger: 0
  m_UsedByEffector: 0
  m_UsedByComposite: 1
  m_Offset: {x: -0.625, y: -0.36}
  m_SpriteTilingProperty:
    border: {x: 0, y: 0, z: 0, w: 0}
    pivot: {x: 0.5, y: 0.5}
    oldSize: {x: 1, y: 1}
    newSize: {x: 0.16, y: 0.16}
    adaptiveTilingThreshold: 0.5
    drawMode: 0
    adaptiveTiling: 0
  m_AutoTiling: 0
  serializedVersion: 2
  m_Size: {x: 0.25, y: 0.5}
  m_EdgeRadius: 0
--- !u!61 &1269597023
BoxCollider2D:
  m_ObjectHideFlags: 0
  m_PrefabParentObject: {fileID: 61268493898209726, guid: b7b01591ef18b76489f22ecc2e89c571,
    type: 2}
  m_PrefabInternal: {fileID: 0}
  m_GameObject: {fileID: 1269597020}
  m_Enabled: 1
  m_Density: 1
  m_Material: {fileID: 0}
  m_IsTrigger: 0
  m_UsedByEffector: 0
  m_UsedByComposite: 1
  m_Offset: {x: -0.625, y: 0.36}
  m_SpriteTilingProperty:
    border: {x: 0, y: 0, z: 0, w: 0}
    pivot: {x: 0.5, y: 0.5}
    oldSize: {x: 1, y: 1}
    newSize: {x: 0.16, y: 0.16}
    adaptiveTilingThreshold: 0.5
    drawMode: 0
    adaptiveTiling: 0
  m_AutoTiling: 0
  serializedVersion: 2
  m_Size: {x: 0.25, y: 0.5}
  m_EdgeRadius: 0
--- !u!61 &1269597024
BoxCollider2D:
  m_ObjectHideFlags: 0
  m_PrefabParentObject: {fileID: 61582743847765282, guid: b7b01591ef18b76489f22ecc2e89c571,
    type: 2}
  m_PrefabInternal: {fileID: 0}
  m_GameObject: {fileID: 1269597020}
  m_Enabled: 1
  m_Density: 1
  m_Material: {fileID: 0}
  m_IsTrigger: 0
  m_UsedByEffector: 0
  m_UsedByComposite: 1
  m_Offset: {x: -0.3, y: -0.715}
  m_SpriteTilingProperty:
    border: {x: 0, y: 0, z: 0, w: 0}
    pivot: {x: 0.5, y: 0.5}
    oldSize: {x: 1, y: 1}
    newSize: {x: 0.16, y: 0.16}
    adaptiveTilingThreshold: 0.5
    drawMode: 0
    adaptiveTiling: 0
  m_AutoTiling: 0
  serializedVersion: 2
  m_Size: {x: 0.475, y: 0.43}
  m_EdgeRadius: 0
--- !u!61 &1269597025
BoxCollider2D:
  m_ObjectHideFlags: 0
  m_PrefabParentObject: {fileID: 61847308586673270, guid: b7b01591ef18b76489f22ecc2e89c571,
    type: 2}
  m_PrefabInternal: {fileID: 0}
  m_GameObject: {fileID: 1269597020}
  m_Enabled: 1
  m_Density: 1
  m_Material: {fileID: 0}
  m_IsTrigger: 0
  m_UsedByEffector: 0
  m_UsedByComposite: 1
  m_Offset: {x: 0.3, y: -0.715}
  m_SpriteTilingProperty:
    border: {x: 0, y: 0, z: 0, w: 0}
    pivot: {x: 0.5, y: 0.5}
    oldSize: {x: 1, y: 1}
    newSize: {x: 0.16, y: 0.16}
    adaptiveTilingThreshold: 0.5
    drawMode: 0
    adaptiveTiling: 0
  m_AutoTiling: 0
  serializedVersion: 2
  m_Size: {x: 0.475, y: 0.43}
  m_EdgeRadius: 0
--- !u!61 &1269597026
BoxCollider2D:
  m_ObjectHideFlags: 0
  m_PrefabParentObject: {fileID: 61737150271680592, guid: b7b01591ef18b76489f22ecc2e89c571,
    type: 2}
  m_PrefabInternal: {fileID: 0}
  m_GameObject: {fileID: 1269597020}
  m_Enabled: 1
  m_Density: 1
  m_Material: {fileID: 0}
  m_IsTrigger: 0
  m_UsedByEffector: 0
  m_UsedByComposite: 1
  m_Offset: {x: -0.3, y: 0.715}
  m_SpriteTilingProperty:
    border: {x: 0, y: 0, z: 0, w: 0}
    pivot: {x: 0.5, y: 0.5}
    oldSize: {x: 1, y: 1}
    newSize: {x: 0.16, y: 0.16}
    adaptiveTilingThreshold: 0.5
    drawMode: 0
    adaptiveTiling: 0
  m_AutoTiling: 0
  serializedVersion: 2
  m_Size: {x: 0.475, y: 0.43}
  m_EdgeRadius: 0
--- !u!61 &1269597027
BoxCollider2D:
  m_ObjectHideFlags: 0
  m_PrefabParentObject: {fileID: 61499339566903972, guid: b7b01591ef18b76489f22ecc2e89c571,
    type: 2}
  m_PrefabInternal: {fileID: 0}
  m_GameObject: {fileID: 1269597020}
  m_Enabled: 1
  m_Density: 1
  m_Material: {fileID: 0}
  m_IsTrigger: 0
  m_UsedByEffector: 0
  m_UsedByComposite: 1
  m_Offset: {x: 0.3, y: 0.715}
  m_SpriteTilingProperty:
    border: {x: 0, y: 0, z: 0, w: 0}
    pivot: {x: 0.5, y: 0.5}
    oldSize: {x: 1, y: 1}
    newSize: {x: 0.16, y: 0.16}
    adaptiveTilingThreshold: 0.5
    drawMode: 0
    adaptiveTiling: 0
  m_AutoTiling: 0
  serializedVersion: 2
  m_Size: {x: 0.475, y: 0.43}
  m_EdgeRadius: 0
--- !u!61 &1269597028
BoxCollider2D:
  m_ObjectHideFlags: 0
  m_PrefabParentObject: {fileID: 61198496184270558, guid: b7b01591ef18b76489f22ecc2e89c571,
    type: 2}
  m_PrefabInternal: {fileID: 0}
  m_GameObject: {fileID: 1269597020}
  m_Enabled: 1
  m_Density: 1
  m_Material: {fileID: 0}
  m_IsTrigger: 0
  m_UsedByEffector: 0
  m_UsedByComposite: 1
  m_Offset: {x: 0.625, y: -0.36}
  m_SpriteTilingProperty:
    border: {x: 0, y: 0, z: 0, w: 0}
    pivot: {x: 0.5, y: 0.5}
    oldSize: {x: 1, y: 1}
    newSize: {x: 0.16, y: 0.16}
    adaptiveTilingThreshold: 0.5
    drawMode: 0
    adaptiveTiling: 0
  m_AutoTiling: 0
  serializedVersion: 2
  m_Size: {x: 0.25, y: 0.5}
  m_EdgeRadius: 0
--- !u!61 &1269597029
BoxCollider2D:
  m_ObjectHideFlags: 0
  m_PrefabParentObject: {fileID: 61535894238031514, guid: b7b01591ef18b76489f22ecc2e89c571,
    type: 2}
  m_PrefabInternal: {fileID: 0}
  m_GameObject: {fileID: 1269597020}
  m_Enabled: 1
  m_Density: 1
  m_Material: {fileID: 0}
  m_IsTrigger: 0
  m_UsedByEffector: 0
  m_UsedByComposite: 1
  m_Offset: {x: 0.625, y: 0.36}
  m_SpriteTilingProperty:
    border: {x: 0, y: 0, z: 0, w: 0}
    pivot: {x: 0.5, y: 0.5}
    oldSize: {x: 1, y: 1}
    newSize: {x: 0.16, y: 0.16}
    adaptiveTilingThreshold: 0.5
    drawMode: 0
    adaptiveTiling: 0
  m_AutoTiling: 0
  serializedVersion: 2
  m_Size: {x: 0.25, y: 0.5}
  m_EdgeRadius: 0
--- !u!66 &1269597030
CompositeCollider2D:
  m_ObjectHideFlags: 0
  m_PrefabParentObject: {fileID: 66249426153147610, guid: b7b01591ef18b76489f22ecc2e89c571,
    type: 2}
  m_PrefabInternal: {fileID: 0}
  m_GameObject: {fileID: 1269597020}
  m_Enabled: 1
  m_Density: 1
  m_Material: {fileID: 6200000, guid: 3fc21f26ffefda24ca2ee0d023d7add2, type: 2}
  m_IsTrigger: 0
  m_UsedByEffector: 0
  m_UsedByComposite: 0
  m_Offset: {x: 0, y: 0}
  m_GeometryType: 1
  m_GenerationType: 0
  m_EdgeRadius: 0
  m_ColliderPaths:
  - m_Collider: {fileID: 1269597029}
    m_ColliderPaths:
    - - X: 90000000
        Y: 42700000
      - X: 60000000
        Y: 42700000
      - X: 60000000
        Y: 7700001
      - X: 90000000
        Y: 7700001
  - m_Collider: {fileID: 1269597028}
    m_ColliderPaths:
    - - X: 90000000
        Y: -7700001
      - X: 60000000
        Y: -7700001
      - X: 60000000
        Y: -42700000
      - X: 90000000
        Y: -42700000
  - m_Collider: {fileID: 1269597027}
    m_ColliderPaths:
    - - X: 64500004
        Y: 65099996
      - X: 7500002
        Y: 65099996
      - X: 7500002
        Y: 34999996
      - X: 64500004
        Y: 34999996
  - m_Collider: {fileID: 1269597026}
    m_ColliderPaths:
    - - X: -7500002
        Y: 65099996
      - X: -64500004
        Y: 65099996
      - X: -64500004
        Y: 34999996
      - X: -7500002
        Y: 34999996
  - m_Collider: {fileID: 1269597025}
    m_ColliderPaths:
    - - X: 64500004
        Y: -34999996
      - X: 7500002
        Y: -34999996
      - X: 7500002
        Y: -65099996
      - X: 64500004
        Y: -65099996
  - m_Collider: {fileID: 1269597024}
    m_ColliderPaths:
    - - X: -7500002
        Y: -34999996
      - X: -64500004
        Y: -34999996
      - X: -64500004
        Y: -65099996
      - X: -7500002
        Y: -65099996
  - m_Collider: {fileID: 1269597023}
    m_ColliderPaths:
    - - X: -60000000
        Y: 42700000
      - X: -90000000
        Y: 42700000
      - X: -90000000
        Y: 7700001
      - X: -60000000
        Y: 7700001
  - m_Collider: {fileID: 1269597022}
    m_ColliderPaths:
    - - X: -60000000
        Y: -7700001
      - X: -90000000
        Y: -7700001
      - X: -90000000
        Y: -42700000
      - X: -60000000
        Y: -42700000
  m_CompositePaths:
    m_Paths:
    - - {x: 9, y: 4.27}
      - {x: 6.4500003, y: 4.27}
      - {x: 6.4500003, y: 6.5099998}
      - {x: 0.75000024, y: 6.5099998}
      - {x: 0.75000024, y: 3.4999995}
      - {x: 6, y: 3.4999995}
      - {x: 6, y: 0.7700001}
      - {x: 9, y: 0.7700001}
    - - {x: -6, y: 3.4999995}
      - {x: -0.75000024, y: 3.4999995}
      - {x: -0.75000024, y: 6.5099998}
      - {x: -6.4500003, y: 6.5099998}
      - {x: -6.4500003, y: 4.27}
      - {x: -9, y: 4.27}
      - {x: -9, y: 0.7700001}
      - {x: -6, y: 0.7700001}
    - - {x: 6.4500003, y: -4.27}
      - {x: 9, y: -4.27}
      - {x: 9, y: -0.7700001}
      - {x: 6, y: -0.7700001}
      - {x: 6, y: -3.4999995}
      - {x: 0.75000024, y: -3.4999995}
      - {x: 0.75000024, y: -6.5099998}
      - {x: 6.4500003, y: -6.5099998}
    - - {x: -0.75000024, y: -3.4999995}
      - {x: -6, y: -3.4999995}
      - {x: -6, y: -0.7700001}
      - {x: -9, y: -0.7700001}
      - {x: -9, y: -4.27}
      - {x: -6.4500003, y: -4.27}
      - {x: -6.4500003, y: -6.5099998}
      - {x: -0.75000024, y: -6.5099998}
  m_VertexDistance: 0.0005
--- !u!50 &1269597031
Rigidbody2D:
  serializedVersion: 4
  m_ObjectHideFlags: 0
  m_PrefabParentObject: {fileID: 50071697701859686, guid: b7b01591ef18b76489f22ecc2e89c571,
    type: 2}
  m_PrefabInternal: {fileID: 0}
  m_GameObject: {fileID: 1269597020}
  m_BodyType: 2
  m_Simulated: 1
  m_UseFullKinematicContacts: 0
  m_UseAutoMass: 0
  m_Mass: 1
  m_LinearDrag: 0
  m_AngularDrag: 0.05
  m_GravityScale: 1
  m_Material: {fileID: 6200000, guid: 3fc21f26ffefda24ca2ee0d023d7add2, type: 2}
  m_Interpolate: 0
  m_SleepingMode: 1
  m_CollisionDetection: 0
  m_Constraints: 0
--- !u!4 &1312992663 stripped
Transform:
  m_PrefabParentObject: {fileID: 4898053611186796, guid: fe308dbe1956e7340adeb5307939cbd0,
    type: 2}
  m_PrefabInternal: {fileID: 1238911614}
--- !u!1 &1451370840
GameObject:
  m_ObjectHideFlags: 0
  m_PrefabParentObject: {fileID: 0}
  m_PrefabInternal: {fileID: 0}
  serializedVersion: 5
  m_Component:
  - component: {fileID: 1451370841}
  - component: {fileID: 1451370842}
  - component: {fileID: 1451370843}
  - component: {fileID: 1451370844}
  m_Layer: 0
  m_Name: Alarm
  m_TagString: Untagged
  m_Icon: {fileID: 0}
  m_NavMeshLayer: 0
  m_StaticEditorFlags: 0
  m_IsActive: 1
--- !u!4 &1451370841
Transform:
  m_ObjectHideFlags: 0
  m_PrefabParentObject: {fileID: 0}
  m_PrefabInternal: {fileID: 0}
  m_GameObject: {fileID: 1451370840}
  m_LocalRotation: {x: 0, y: 0, z: 0, w: 1}
  m_LocalPosition: {x: 0, y: -8.08, z: 0}
  m_LocalScale: {x: 1, y: 1, z: 1}
  m_Children: []
  m_Father: {fileID: 1692285234}
  m_RootOrder: 2
  m_LocalEulerAnglesHint: {x: 0, y: 0, z: 0}
--- !u!61 &1451370842
BoxCollider2D:
  m_ObjectHideFlags: 0
  m_PrefabParentObject: {fileID: 0}
  m_PrefabInternal: {fileID: 0}
  m_GameObject: {fileID: 1451370840}
  m_Enabled: 1
  m_Density: 1
  m_Material: {fileID: 0}
  m_IsTrigger: 1
  m_UsedByEffector: 0
  m_UsedByComposite: 0
  m_Offset: {x: 0, y: 2.555912}
  m_SpriteTilingProperty:
    border: {x: 0, y: 0, z: 0, w: 0}
    pivot: {x: 0, y: 0}
    oldSize: {x: 0, y: 0}
    newSize: {x: 0, y: 0}
    adaptiveTilingThreshold: 0
    drawMode: 0
    adaptiveTiling: 0
  m_AutoTiling: 0
  serializedVersion: 2
  m_Size: {x: 2.7805085, y: 4.43425}
  m_EdgeRadius: 0
--- !u!82 &1451370843
AudioSource:
  m_ObjectHideFlags: 0
  m_PrefabParentObject: {fileID: 0}
  m_PrefabInternal: {fileID: 0}
  m_GameObject: {fileID: 1451370840}
  m_Enabled: 1
  serializedVersion: 4
  OutputAudioMixerGroup: {fileID: 0}
  m_audioClip: {fileID: 8300000, guid: 3a4181351ae72514bbc5fe604765d8ee, type: 3}
  m_PlayOnAwake: 0
  m_Volume: 0.4
  m_Pitch: 1
  Loop: 0
  Mute: 0
  Spatialize: 0
  SpatializePostEffects: 0
  Priority: 128
  DopplerLevel: 1
  MinDistance: 5.276756
  MaxDistance: 500
  Pan2D: 0
  rolloffMode: 0
  BypassEffects: 0
  BypassListenerEffects: 0
  BypassReverbZones: 0
  rolloffCustomCurve:
    serializedVersion: 2
    m_Curve:
    - serializedVersion: 2
      time: 0
      value: 1
      inSlope: 0
      outSlope: 0
      tangentMode: 0
    - serializedVersion: 2
      time: 1
      value: 0
      inSlope: 0
      outSlope: 0
      tangentMode: 0
    m_PreInfinity: 2
    m_PostInfinity: 2
    m_RotationOrder: 4
  panLevelCustomCurve:
    serializedVersion: 2
    m_Curve:
    - serializedVersion: 2
      time: 0
      value: 1
      inSlope: 0
      outSlope: 0
      tangentMode: 0
    m_PreInfinity: 2
    m_PostInfinity: 2
    m_RotationOrder: 0
  spreadCustomCurve:
    serializedVersion: 2
    m_Curve:
    - serializedVersion: 2
      time: 0
      value: 0
      inSlope: 0
      outSlope: 0
      tangentMode: 0
    m_PreInfinity: 2
    m_PostInfinity: 2
    m_RotationOrder: 0
  reverbZoneMixCustomCurve:
    serializedVersion: 2
    m_Curve:
    - serializedVersion: 2
      time: 0
      value: 1
      inSlope: 0
      outSlope: 0
      tangentMode: 0
    m_PreInfinity: 2
    m_PostInfinity: 2
    m_RotationOrder: 0
--- !u!114 &1451370844
MonoBehaviour:
  m_ObjectHideFlags: 0
  m_PrefabParentObject: {fileID: 0}
  m_PrefabInternal: {fileID: 0}
  m_GameObject: {fileID: 1451370840}
  m_Enabled: 1
  m_EditorHideFlags: 0
  m_Script: {fileID: 11500000, guid: ee5fa2c4204732a4eaf6f8f02ef67dca, type: 3}
  m_Name: 
  m_EditorClassIdentifier: 
--- !u!1 &1566554131
GameObject:
  m_ObjectHideFlags: 0
  m_PrefabParentObject: {fileID: 0}
  m_PrefabInternal: {fileID: 0}
  serializedVersion: 5
  m_Component:
  - component: {fileID: 1566554132}
  - component: {fileID: 1566554133}
  m_Layer: 0
  m_Name: Light
  m_TagString: Untagged
  m_Icon: {fileID: 0}
  m_NavMeshLayer: 0
  m_StaticEditorFlags: 0
  m_IsActive: 1
--- !u!4 &1566554132
Transform:
  m_ObjectHideFlags: 0
  m_PrefabParentObject: {fileID: 0}
  m_PrefabInternal: {fileID: 0}
  m_GameObject: {fileID: 1566554131}
  m_LocalRotation: {x: -0, y: -0, z: -0, w: 1}
  m_LocalPosition: {x: 0, y: 0, z: -2.68}
  m_LocalScale: {x: 1, y: 1, z: 1}
  m_Children: []
  m_Father: {fileID: 268090406}
  m_RootOrder: 0
  m_LocalEulerAnglesHint: {x: 0, y: 0, z: 0}
--- !u!108 &1566554133
Light:
  m_ObjectHideFlags: 0
  m_PrefabParentObject: {fileID: 0}
  m_PrefabInternal: {fileID: 0}
  m_GameObject: {fileID: 1566554131}
  m_Enabled: 1
  serializedVersion: 8
  m_Type: 2
  m_Color: {r: 1, g: 1, b: 1, a: 1}
  m_Intensity: 6.2
  m_Range: 6.332496
  m_SpotAngle: 30
  m_CookieSize: 10
  m_Shadows:
    m_Type: 0
    m_Resolution: -1
    m_CustomResolution: -1
    m_Strength: 1
    m_Bias: 0.05
    m_NormalBias: 0.4
    m_NearPlane: 0.2
  m_Cookie: {fileID: 0}
  m_DrawHalo: 0
  m_Flare: {fileID: 0}
  m_RenderMode: 0
  m_CullingMask:
    serializedVersion: 2
    m_Bits: 4294967295
  m_Lightmapping: 4
  m_AreaSize: {x: 1, y: 1}
  m_BounceIntensity: 1
  m_ColorTemperature: 6570
  m_UseColorTemperature: 0
  m_ShadowRadius: 0
  m_ShadowAngle: 0
--- !u!1 &1581737266
GameObject:
  m_ObjectHideFlags: 0
  m_PrefabParentObject: {fileID: 0}
  m_PrefabInternal: {fileID: 0}
  serializedVersion: 5
  m_Component:
  - component: {fileID: 1581737267}
  - component: {fileID: 1581737268}
  m_Layer: 0
  m_Name: Light2
  m_TagString: Untagged
  m_Icon: {fileID: 0}
  m_NavMeshLayer: 0
  m_StaticEditorFlags: 0
  m_IsActive: 1
--- !u!4 &1581737267
Transform:
  m_ObjectHideFlags: 0
  m_PrefabParentObject: {fileID: 0}
  m_PrefabInternal: {fileID: 0}
  m_GameObject: {fileID: 1581737266}
  m_LocalRotation: {x: -0, y: -0, z: -0, w: 1}
  m_LocalPosition: {x: -0.28, y: -19.78, z: -17.7}
  m_LocalScale: {x: 0.59999996, y: 0.505, z: 0.3549}
  m_Children: []
  m_Father: {fileID: 1692285234}
  m_RootOrder: 6
  m_LocalEulerAnglesHint: {x: 0, y: 0, z: 0}
--- !u!108 &1581737268
Light:
  m_ObjectHideFlags: 0
  m_PrefabParentObject: {fileID: 0}
  m_PrefabInternal: {fileID: 0}
  m_GameObject: {fileID: 1581737266}
  m_Enabled: 1
  serializedVersion: 8
  m_Type: 0
  m_Color: {r: 1, g: 1, b: 1, a: 1}
  m_Intensity: 78.3
  m_Range: 24.9
  m_SpotAngle: 96.9
  m_CookieSize: 10
  m_Shadows:
    m_Type: 0
    m_Resolution: -1
    m_CustomResolution: -1
    m_Strength: 1
    m_Bias: 0.05
    m_NormalBias: 0.4
    m_NearPlane: 0.2
  m_Cookie: {fileID: 0}
  m_DrawHalo: 0
  m_Flare: {fileID: 0}
  m_RenderMode: 0
  m_CullingMask:
    serializedVersion: 2
    m_Bits: 4294967295
  m_Lightmapping: 4
  m_AreaSize: {x: 1, y: 1}
  m_BounceIntensity: 1
  m_ColorTemperature: 6570
  m_UseColorTemperature: 0
  m_ShadowRadius: 0
  m_ShadowAngle: 0
--- !u!114 &1597400851 stripped
MonoBehaviour:
  m_PrefabParentObject: {fileID: 114499025622009862, guid: 39f8f4beb379b864cbd8787eefc77c8e,
    type: 2}
  m_PrefabInternal: {fileID: 193818399}
  m_Script: {fileID: 11500000, guid: 7a08376246c18734a8dd79822422e57b, type: 3}
--- !u!1 &1598963341
GameObject:
  m_ObjectHideFlags: 0
  m_PrefabParentObject: {fileID: 0}
  m_PrefabInternal: {fileID: 0}
  serializedVersion: 5
  m_Component:
  - component: {fileID: 1598963342}
  - component: {fileID: 1598963344}
  - component: {fileID: 1598963343}
  m_Layer: 0
  m_Name: Hint
  m_TagString: Untagged
  m_Icon: {fileID: 0}
  m_NavMeshLayer: 0
  m_StaticEditorFlags: 0
  m_IsActive: 0
--- !u!4 &1598963342
Transform:
  m_ObjectHideFlags: 0
  m_PrefabParentObject: {fileID: 0}
  m_PrefabInternal: {fileID: 0}
  m_GameObject: {fileID: 1598963341}
  m_LocalRotation: {x: 0, y: 0, z: 0, w: 1}
  m_LocalPosition: {x: 0, y: 0, z: 0}
  m_LocalScale: {x: 1, y: 1, z: 1}
  m_Children: []
  m_Father: {fileID: 268090406}
  m_RootOrder: 10
  m_LocalEulerAnglesHint: {x: 0, y: 0, z: 0}
--- !u!102 &1598963343
TextMesh:
  serializedVersion: 3
  m_ObjectHideFlags: 0
  m_PrefabParentObject: {fileID: 0}
  m_PrefabInternal: {fileID: 0}
  m_GameObject: {fileID: 1598963341}
  m_Text: 999
  m_OffsetZ: 0
  m_CharacterSize: 0.1
  m_LineSpacing: 1
  m_Anchor: 4
  m_Alignment: 1
  m_TabSize: 0
  m_FontSize: 70
  m_FontStyle: 1
  m_RichText: 1
  m_Font: {fileID: 12800000, guid: 24a14e5069993714aa86969050497b21, type: 3}
  m_Color:
    serializedVersion: 2
    rgba: 4281545261
--- !u!23 &1598963344
MeshRenderer:
  m_ObjectHideFlags: 0
  m_PrefabParentObject: {fileID: 0}
  m_PrefabInternal: {fileID: 0}
  m_GameObject: {fileID: 1598963341}
  m_Enabled: 1
  m_CastShadows: 1
  m_ReceiveShadows: 1
  m_DynamicOccludee: 1
  m_MotionVectors: 1
  m_LightProbeUsage: 1
  m_ReflectionProbeUsage: 1
  m_Materials:
  - {fileID: 2100000, guid: 24a14e5069993714aa86969050497b21, type: 3}
  m_StaticBatchInfo:
    firstSubMesh: 0
    subMeshCount: 0
  m_StaticBatchRoot: {fileID: 0}
  m_ProbeAnchor: {fileID: 0}
  m_LightProbeVolumeOverride: {fileID: 0}
  m_ScaleInLightmap: 1
  m_PreserveUVs: 0
  m_IgnoreNormalsForChartDetection: 0
  m_ImportantGI: 0
  m_StitchLightmapSeams: 0
  m_SelectedEditorRenderState: 3
  m_MinimumChartSize: 4
  m_AutoUVMaxDistance: 0.5
  m_AutoUVMaxAngle: 89
  m_LightmapParameters: {fileID: 0}
  m_SortingLayerID: 0
  m_SortingLayer: 0
  m_SortingOrder: 0
--- !u!1 &1650353852
GameObject:
  m_ObjectHideFlags: 0
  m_PrefabParentObject: {fileID: 0}
  m_PrefabInternal: {fileID: 0}
  serializedVersion: 5
  m_Component:
  - component: {fileID: 1650353853}
  - component: {fileID: 1650353854}
  m_Layer: 0
  m_Name: LightCorr
  m_TagString: Untagged
  m_Icon: {fileID: 0}
  m_NavMeshLayer: 0
  m_StaticEditorFlags: 0
  m_IsActive: 1
--- !u!4 &1650353853
Transform:
  m_ObjectHideFlags: 0
  m_PrefabParentObject: {fileID: 0}
  m_PrefabInternal: {fileID: 0}
  m_GameObject: {fileID: 1650353852}
  m_LocalRotation: {x: -0, y: -0, z: 0.70710576, w: 0.70710784}
  m_LocalPosition: {x: -0.08, y: 3.1, z: -7.5514226}
  m_LocalScale: {x: 1.9801981, y: 1.6666667, z: 2.8176951}
  m_Children: []
  m_Father: {fileID: 276041824}
  m_RootOrder: 0
  m_LocalEulerAnglesHint: {x: 0, y: 0, z: 0}
--- !u!108 &1650353854
Light:
  m_ObjectHideFlags: 0
  m_PrefabParentObject: {fileID: 0}
  m_PrefabInternal: {fileID: 0}
  m_GameObject: {fileID: 1650353852}
  m_Enabled: 1
  serializedVersion: 8
  m_Type: 2
  m_Color: {r: 0.4772383, g: 0.5765198, b: 0.71323526, a: 1}
  m_Intensity: 4
  m_Range: 5.030883
  m_SpotAngle: 30
  m_CookieSize: 10
  m_Shadows:
    m_Type: 0
    m_Resolution: -1
    m_CustomResolution: -1
    m_Strength: 1
    m_Bias: 0.05
    m_NormalBias: 0.4
    m_NearPlane: 0.2
  m_Cookie: {fileID: 0}
  m_DrawHalo: 0
  m_Flare: {fileID: 0}
  m_RenderMode: 0
  m_CullingMask:
    serializedVersion: 2
    m_Bits: 4294967295
  m_Lightmapping: 4
  m_AreaSize: {x: 1, y: 1}
  m_BounceIntensity: 1
  m_ColorTemperature: 6570
  m_UseColorTemperature: 0
  m_ShadowRadius: 0
  m_ShadowAngle: 0
--- !u!1 &1692285232
GameObject:
  m_ObjectHideFlags: 0
  m_PrefabParentObject: {fileID: 1338033875135340, guid: b7b01591ef18b76489f22ecc2e89c571,
    type: 2}
  m_PrefabInternal: {fileID: 0}
  serializedVersion: 5
  m_Component:
  - component: {fileID: 1692285234}
  - component: {fileID: 1692285233}
  - component: {fileID: 1692285235}
  m_Layer: 0
  m_Name: Exit
  m_TagString: Untagged
  m_Icon: {fileID: 0}
  m_NavMeshLayer: 0
  m_StaticEditorFlags: 0
  m_IsActive: 1
--- !u!61 &1692285233
BoxCollider2D:
  m_ObjectHideFlags: 0
  m_PrefabParentObject: {fileID: 61835156143511146, guid: b7b01591ef18b76489f22ecc2e89c571,
    type: 2}
  m_PrefabInternal: {fileID: 0}
  m_GameObject: {fileID: 1692285232}
  m_Enabled: 1
  m_Density: 1
  m_Material: {fileID: 0}
  m_IsTrigger: 1
  m_UsedByEffector: 0
  m_UsedByComposite: 0
  m_Offset: {x: 0, y: -6.3892193}
  m_SpriteTilingProperty:
    border: {x: 0, y: 0, z: 0, w: 0}
    pivot: {x: 0.5, y: 0.5}
    oldSize: {x: 1, y: 1}
    newSize: {x: 1, y: 1}
    adaptiveTilingThreshold: 0.5
    drawMode: 0
    adaptiveTiling: 0
  m_AutoTiling: 0
  serializedVersion: 2
  m_Size: {x: 11.4, y: 6.1444283}
  m_EdgeRadius: 0
--- !u!4 &1692285234
Transform:
  m_ObjectHideFlags: 0
  m_PrefabParentObject: {fileID: 4028301085317074, guid: b7b01591ef18b76489f22ecc2e89c571,
    type: 2}
  m_PrefabInternal: {fileID: 0}
  m_GameObject: {fileID: 1692285232}
  m_LocalRotation: {x: -0, y: -0, z: -0, w: 1}
  m_LocalPosition: {x: 0, y: -13, z: 0}
  m_LocalScale: {x: 1, y: 1, z: 1}
  m_Children:
  - {fileID: 1807933885}
  - {fileID: 2036195079}
  - {fileID: 1451370841}
  - {fileID: 1756601247}
  - {fileID: 1168263423}
  - {fileID: 45418741}
  - {fileID: 1581737267}
  - {fileID: 1765531366}
  m_Father: {fileID: 0}
  m_RootOrder: 2
  m_LocalEulerAnglesHint: {x: 0, y: 0, z: 0}
--- !u!114 &1692285235
MonoBehaviour:
  m_ObjectHideFlags: 0
  m_PrefabParentObject: {fileID: 0}
  m_PrefabInternal: {fileID: 0}
  m_GameObject: {fileID: 1692285232}
  m_Enabled: 1
  m_EditorHideFlags: 0
  m_Script: {fileID: 11500000, guid: b172b8a6a78684f40af4d61fe640749a, type: 3}
  m_Name: 
  m_EditorClassIdentifier: 
  door: {fileID: 432891154}
  exitMusic: {fileID: 927293233}
--- !u!1 &1756601246
GameObject:
  m_ObjectHideFlags: 0
  m_PrefabParentObject: {fileID: 1735151269696648, guid: b7b01591ef18b76489f22ecc2e89c571,
    type: 2}
  m_PrefabInternal: {fileID: 0}
  serializedVersion: 5
  m_Component:
  - component: {fileID: 1756601247}
  - component: {fileID: 1756601248}
  m_Layer: 0
  m_Name: Corridor
  m_TagString: Untagged
  m_Icon: {fileID: 0}
  m_NavMeshLayer: 0
  m_StaticEditorFlags: 0
  m_IsActive: 1
--- !u!4 &1756601247
Transform:
  m_ObjectHideFlags: 0
  m_PrefabParentObject: {fileID: 4617948205556560, guid: b7b01591ef18b76489f22ecc2e89c571,
    type: 2}
  m_PrefabInternal: {fileID: 0}
  m_GameObject: {fileID: 1756601246}
  m_LocalRotation: {x: -0, y: -0, z: -0, w: 1}
  m_LocalPosition: {x: 0, y: 2.1367, z: 0}
  m_LocalScale: {x: 0.59999996, y: 0.505, z: 0.3549}
  m_Children: []
  m_Father: {fileID: 1692285234}
  m_RootOrder: 3
  m_LocalEulerAnglesHint: {x: 0, y: 0, z: 0}
--- !u!212 &1756601248
SpriteRenderer:
  m_ObjectHideFlags: 0
  m_PrefabParentObject: {fileID: 212810516000514240, guid: b7b01591ef18b76489f22ecc2e89c571,
    type: 2}
  m_PrefabInternal: {fileID: 0}
  m_GameObject: {fileID: 1756601246}
  m_Enabled: 1
  m_CastShadows: 0
  m_ReceiveShadows: 0
  m_DynamicOccludee: 1
  m_MotionVectors: 1
  m_LightProbeUsage: 1
  m_ReflectionProbeUsage: 1
  m_Materials:
  - {fileID: 2100000, guid: 188c3b8672676854d8050ae39eba6bd6, type: 2}
  m_StaticBatchInfo:
    firstSubMesh: 0
    subMeshCount: 0
  m_StaticBatchRoot: {fileID: 0}
  m_ProbeAnchor: {fileID: 0}
  m_LightProbeVolumeOverride: {fileID: 0}
  m_ScaleInLightmap: 1
  m_PreserveUVs: 0
  m_IgnoreNormalsForChartDetection: 0
  m_ImportantGI: 0
  m_StitchLightmapSeams: 0
  m_SelectedEditorRenderState: 0
  m_MinimumChartSize: 4
  m_AutoUVMaxDistance: 0.5
  m_AutoUVMaxAngle: 89
  m_LightmapParameters: {fileID: 0}
  m_SortingLayerID: 0
  m_SortingLayer: 0
  m_SortingOrder: 0
  m_Sprite: {fileID: 21300000, guid: 140a4fc3848f3134ab4d24573ecf0815, type: 3}
  m_Color: {r: 0.7058823, g: 0.7058823, b: 0.7058823, a: 1}
  m_FlipX: 0
  m_FlipY: 0
  m_DrawMode: 0
  m_Size: {x: 1, y: 1}
  m_AdaptiveModeThreshold: 0.5
  m_SpriteTileMode: 0
  m_WasSpriteAssigned: 1
  m_MaskInteraction: 0
--- !u!1 &1765531365
GameObject:
  m_ObjectHideFlags: 0
  m_PrefabParentObject: {fileID: 1735151269696648, guid: b7b01591ef18b76489f22ecc2e89c571,
    type: 2}
  m_PrefabInternal: {fileID: 0}
  serializedVersion: 5
  m_Component:
  - component: {fileID: 1765531366}
  - component: {fileID: 1765531367}
  m_Layer: 0
  m_Name: Corridor2 (1)
  m_TagString: Untagged
  m_Icon: {fileID: 0}
  m_NavMeshLayer: 0
  m_StaticEditorFlags: 0
  m_IsActive: 1
--- !u!4 &1765531366
Transform:
  m_ObjectHideFlags: 0
  m_PrefabParentObject: {fileID: 4617948205556560, guid: b7b01591ef18b76489f22ecc2e89c571,
    type: 2}
  m_PrefabInternal: {fileID: 0}
  m_GameObject: {fileID: 1765531365}
  m_LocalRotation: {x: -0, y: -0, z: 1, w: 0}
  m_LocalPosition: {x: 0, y: -15.317, z: 0}
  m_LocalScale: {x: 0.59999996, y: 0.505, z: 0.3549}
  m_Children: []
  m_Father: {fileID: 1692285234}
  m_RootOrder: 7
  m_LocalEulerAnglesHint: {x: 0, y: 0, z: 180}
--- !u!212 &1765531367
SpriteRenderer:
  m_ObjectHideFlags: 0
  m_PrefabParentObject: {fileID: 212810516000514240, guid: b7b01591ef18b76489f22ecc2e89c571,
    type: 2}
  m_PrefabInternal: {fileID: 0}
  m_GameObject: {fileID: 1765531365}
  m_Enabled: 1
  m_CastShadows: 0
  m_ReceiveShadows: 0
  m_DynamicOccludee: 1
  m_MotionVectors: 1
  m_LightProbeUsage: 1
  m_ReflectionProbeUsage: 1
  m_Materials:
  - {fileID: 2100000, guid: 188c3b8672676854d8050ae39eba6bd6, type: 2}
  m_StaticBatchInfo:
    firstSubMesh: 0
    subMeshCount: 0
  m_StaticBatchRoot: {fileID: 0}
  m_ProbeAnchor: {fileID: 0}
  m_LightProbeVolumeOverride: {fileID: 0}
  m_ScaleInLightmap: 1
  m_PreserveUVs: 0
  m_IgnoreNormalsForChartDetection: 0
  m_ImportantGI: 0
  m_StitchLightmapSeams: 0
  m_SelectedEditorRenderState: 0
  m_MinimumChartSize: 4
  m_AutoUVMaxDistance: 0.5
  m_AutoUVMaxAngle: 89
  m_LightmapParameters: {fileID: 0}
  m_SortingLayerID: 0
  m_SortingLayer: 0
  m_SortingOrder: 0
  m_Sprite: {fileID: 21300000, guid: 140a4fc3848f3134ab4d24573ecf0815, type: 3}
  m_Color: {r: 0.7058823, g: 0.7058823, b: 0.7058823, a: 1}
  m_FlipX: 0
  m_FlipY: 0
  m_DrawMode: 0
  m_Size: {x: 1, y: 1}
  m_AdaptiveModeThreshold: 0.5
  m_SpriteTileMode: 0
  m_WasSpriteAssigned: 1
  m_MaskInteraction: 0
--- !u!1001 &1807933884
Prefab:
  m_ObjectHideFlags: 0
  serializedVersion: 2
  m_Modification:
    m_TransformParent: {fileID: 1692285234}
    m_Modifications:
    - target: {fileID: 4113439614639276, guid: 39f8f4beb379b864cbd8787eefc77c8e, type: 2}
      propertyPath: m_LocalPosition.x
      value: 0
      objectReference: {fileID: 0}
    - target: {fileID: 4113439614639276, guid: 39f8f4beb379b864cbd8787eefc77c8e, type: 2}
      propertyPath: m_LocalPosition.y
      value: -2.39
      objectReference: {fileID: 0}
    - target: {fileID: 4113439614639276, guid: 39f8f4beb379b864cbd8787eefc77c8e, type: 2}
      propertyPath: m_LocalPosition.z
      value: 0
      objectReference: {fileID: 0}
    - target: {fileID: 4113439614639276, guid: 39f8f4beb379b864cbd8787eefc77c8e, type: 2}
      propertyPath: m_LocalRotation.x
      value: -0
      objectReference: {fileID: 0}
    - target: {fileID: 4113439614639276, guid: 39f8f4beb379b864cbd8787eefc77c8e, type: 2}
      propertyPath: m_LocalRotation.y
      value: -0
      objectReference: {fileID: 0}
    - target: {fileID: 4113439614639276, guid: 39f8f4beb379b864cbd8787eefc77c8e, type: 2}
      propertyPath: m_LocalRotation.z
      value: -0
      objectReference: {fileID: 0}
    - target: {fileID: 4113439614639276, guid: 39f8f4beb379b864cbd8787eefc77c8e, type: 2}
      propertyPath: m_LocalRotation.w
      value: 1
      objectReference: {fileID: 0}
    - target: {fileID: 4113439614639276, guid: 39f8f4beb379b864cbd8787eefc77c8e, type: 2}
      propertyPath: m_RootOrder
      value: 0
      objectReference: {fileID: 0}
    - target: {fileID: 1733679127352682, guid: 39f8f4beb379b864cbd8787eefc77c8e, type: 2}
      propertyPath: m_Name
      value: Door
      objectReference: {fileID: 0}
    - target: {fileID: 331965041413139376, guid: 39f8f4beb379b864cbd8787eefc77c8e,
        type: 2}
      propertyPath: m_Enabled
      value: 1
      objectReference: {fileID: 0}
    - target: {fileID: 212961241654991836, guid: 39f8f4beb379b864cbd8787eefc77c8e,
        type: 2}
      propertyPath: m_Color.r
      value: 0.5147059
      objectReference: {fileID: 0}
    - target: {fileID: 212961241654991836, guid: 39f8f4beb379b864cbd8787eefc77c8e,
        type: 2}
      propertyPath: m_Color.g
      value: 0.5147059
      objectReference: {fileID: 0}
    - target: {fileID: 212961241654991836, guid: 39f8f4beb379b864cbd8787eefc77c8e,
        type: 2}
      propertyPath: m_Color.b
      value: 0.5147059
      objectReference: {fileID: 0}
    - target: {fileID: 212739462086499642, guid: 39f8f4beb379b864cbd8787eefc77c8e,
        type: 2}
      propertyPath: m_Color.r
      value: 0.5147059
      objectReference: {fileID: 0}
    - target: {fileID: 212739462086499642, guid: 39f8f4beb379b864cbd8787eefc77c8e,
        type: 2}
      propertyPath: m_Color.g
      value: 0.5147059
      objectReference: {fileID: 0}
    - target: {fileID: 212739462086499642, guid: 39f8f4beb379b864cbd8787eefc77c8e,
        type: 2}
      propertyPath: m_Color.b
      value: 0.5147059
      objectReference: {fileID: 0}
    m_RemovedComponents: []
  m_ParentPrefab: {fileID: 100100000, guid: 39f8f4beb379b864cbd8787eefc77c8e, type: 2}
  m_IsPrefabParent: 0
--- !u!4 &1807933885 stripped
Transform:
  m_PrefabParentObject: {fileID: 4113439614639276, guid: 39f8f4beb379b864cbd8787eefc77c8e,
    type: 2}
  m_PrefabInternal: {fileID: 1807933884}
--- !u!1 &1902142754
GameObject:
  m_ObjectHideFlags: 0
  m_PrefabParentObject: {fileID: 0}
  m_PrefabInternal: {fileID: 0}
  serializedVersion: 5
  m_Component:
  - component: {fileID: 1902142755}
  - component: {fileID: 1902142756}
  m_Layer: 0
  m_Name: Levels
  m_TagString: Untagged
  m_Icon: {fileID: 0}
  m_NavMeshLayer: 0
  m_StaticEditorFlags: 0
  m_IsActive: 1
--- !u!4 &1902142755
Transform:
  m_ObjectHideFlags: 0
  m_PrefabParentObject: {fileID: 0}
  m_PrefabInternal: {fileID: 0}
  m_GameObject: {fileID: 1902142754}
  m_LocalRotation: {x: -0, y: -0, z: -0, w: 1}
  m_LocalPosition: {x: 0, y: 0, z: 0}
  m_LocalScale: {x: 1, y: 1, z: 1}
  m_Children:
  - {fileID: 268090406}
  m_Father: {fileID: 0}
  m_RootOrder: 0
  m_LocalEulerAnglesHint: {x: 0, y: 0, z: 0}
--- !u!114 &1902142756
MonoBehaviour:
  m_ObjectHideFlags: 0
  m_PrefabParentObject: {fileID: 0}
  m_PrefabInternal: {fileID: 0}
  m_GameObject: {fileID: 1902142754}
  m_Enabled: 1
  m_EditorHideFlags: 0
  m_Script: {fileID: 11500000, guid: 00cc39335e8065842a576597fb3b5528, type: 3}
  m_Name: 
  m_EditorClassIdentifier: 
  levelPrefab: {fileID: 1990197177}
  spawnerPrefab: {fileID: 1178570255413926, guid: de2415ab9b79cec4ab6e7f306533d4e3,
    type: 2}
  exit: {fileID: 1692285232}
  emptyRoom: {fileID: 11400000, guid: 8b01951b3352d1f45b19a35e17ca90ae, type: 2}
  endingRoom: {fileID: 11400000, guid: 1a85519294a5c4742bd7652cbb68688a, type: 2}
  db: {fileID: 11400000, guid: ff8866a843a3b3a44be00f082a106aab, type: 2}
  disableGeneration: 0
  worldSize: 4
--- !u!1001 &1912995474
Prefab:
  m_ObjectHideFlags: 0
  serializedVersion: 2
  m_Modification:
    m_TransformParent: {fileID: 0}
    m_Modifications:
    - target: {fileID: 4292292100625440, guid: d97ac525bbb956642b5321bf8c0f5f47, type: 2}
      propertyPath: m_LocalPosition.x
      value: 0
      objectReference: {fileID: 0}
    - target: {fileID: 4292292100625440, guid: d97ac525bbb956642b5321bf8c0f5f47, type: 2}
      propertyPath: m_LocalPosition.y
      value: -1.49
      objectReference: {fileID: 0}
    - target: {fileID: 4292292100625440, guid: d97ac525bbb956642b5321bf8c0f5f47, type: 2}
      propertyPath: m_LocalPosition.z
      value: -10
      objectReference: {fileID: 0}
    - target: {fileID: 4292292100625440, guid: d97ac525bbb956642b5321bf8c0f5f47, type: 2}
      propertyPath: m_LocalRotation.x
      value: -0
      objectReference: {fileID: 0}
    - target: {fileID: 4292292100625440, guid: d97ac525bbb956642b5321bf8c0f5f47, type: 2}
      propertyPath: m_LocalRotation.y
      value: -0
      objectReference: {fileID: 0}
    - target: {fileID: 4292292100625440, guid: d97ac525bbb956642b5321bf8c0f5f47, type: 2}
      propertyPath: m_LocalRotation.z
      value: -0
      objectReference: {fileID: 0}
    - target: {fileID: 4292292100625440, guid: d97ac525bbb956642b5321bf8c0f5f47, type: 2}
      propertyPath: m_LocalRotation.w
      value: 1
      objectReference: {fileID: 0}
    - target: {fileID: 4292292100625440, guid: d97ac525bbb956642b5321bf8c0f5f47, type: 2}
      propertyPath: m_RootOrder
      value: 1
      objectReference: {fileID: 0}
    - target: {fileID: 114966689824260876, guid: d97ac525bbb956642b5321bf8c0f5f47,
        type: 2}
      propertyPath: target
      value: 
      objectReference: {fileID: 1312992663}
    m_RemovedComponents: []
  m_ParentPrefab: {fileID: 100100000, guid: d97ac525bbb956642b5321bf8c0f5f47, type: 2}
  m_IsPrefabParent: 0
--- !u!1001 &1951192262
Prefab:
  m_ObjectHideFlags: 0
  serializedVersion: 2
  m_Modification:
    m_TransformParent: {fileID: 268090406}
    m_Modifications:
    - target: {fileID: 4113439614639276, guid: 39f8f4beb379b864cbd8787eefc77c8e, type: 2}
      propertyPath: m_LocalPosition.x
      value: 0
      objectReference: {fileID: 0}
    - target: {fileID: 4113439614639276, guid: 39f8f4beb379b864cbd8787eefc77c8e, type: 2}
      propertyPath: m_LocalPosition.y
      value: -3.665
      objectReference: {fileID: 0}
    - target: {fileID: 4113439614639276, guid: 39f8f4beb379b864cbd8787eefc77c8e, type: 2}
      propertyPath: m_LocalPosition.z
      value: 0
      objectReference: {fileID: 0}
    - target: {fileID: 4113439614639276, guid: 39f8f4beb379b864cbd8787eefc77c8e, type: 2}
      propertyPath: m_LocalRotation.x
      value: -0
      objectReference: {fileID: 0}
    - target: {fileID: 4113439614639276, guid: 39f8f4beb379b864cbd8787eefc77c8e, type: 2}
      propertyPath: m_LocalRotation.y
      value: -0
      objectReference: {fileID: 0}
    - target: {fileID: 4113439614639276, guid: 39f8f4beb379b864cbd8787eefc77c8e, type: 2}
      propertyPath: m_LocalRotation.z
      value: -0
      objectReference: {fileID: 0}
    - target: {fileID: 4113439614639276, guid: 39f8f4beb379b864cbd8787eefc77c8e, type: 2}
      propertyPath: m_LocalRotation.w
      value: 1
      objectReference: {fileID: 0}
    - target: {fileID: 4113439614639276, guid: 39f8f4beb379b864cbd8787eefc77c8e, type: 2}
      propertyPath: m_RootOrder
      value: 9
      objectReference: {fileID: 0}
    - target: {fileID: 1733679127352682, guid: 39f8f4beb379b864cbd8787eefc77c8e, type: 2}
      propertyPath: m_Name
      value: DoorS
      objectReference: {fileID: 0}
    m_RemovedComponents: []
  m_ParentPrefab: {fileID: 100100000, guid: 39f8f4beb379b864cbd8787eefc77c8e, type: 2}
  m_IsPrefabParent: 0
--- !u!4 &1951192263 stripped
Transform:
  m_PrefabParentObject: {fileID: 4113439614639276, guid: 39f8f4beb379b864cbd8787eefc77c8e,
    type: 2}
  m_PrefabInternal: {fileID: 1951192262}
--- !u!1 &1990197177
GameObject:
  m_ObjectHideFlags: 0
  m_PrefabParentObject: {fileID: 1338033875135340, guid: b7b01591ef18b76489f22ecc2e89c571,
    type: 2}
  m_PrefabInternal: {fileID: 0}
  serializedVersion: 5
  m_Component:
  - component: {fileID: 268090406}
  - component: {fileID: 1990197179}
  - component: {fileID: 1990197178}
  - component: {fileID: 1990197180}
  m_Layer: 0
  m_Name: Level
  m_TagString: Untagged
  m_Icon: {fileID: 0}
  m_NavMeshLayer: 0
  m_StaticEditorFlags: 0
  m_IsActive: 1
--- !u!114 &1990197178
MonoBehaviour:
  m_ObjectHideFlags: 0
  m_PrefabParentObject: {fileID: 114047585233231282, guid: b7b01591ef18b76489f22ecc2e89c571,
    type: 2}
  m_PrefabInternal: {fileID: 0}
  m_GameObject: {fileID: 1990197177}
  m_Enabled: 1
  m_EditorHideFlags: 0
  m_Script: {fileID: 11500000, guid: ff6dfd94ea5b5c04bbef3e820eba5ce2, type: 3}
  m_Name: 
  m_EditorClassIdentifier: 
  doors:
  - {fileID: 2077689459}
  - {fileID: 1597400851}
  - {fileID: 734752786}
  - {fileID: 968989278}
  gelColors:
  - {r: 0.24313726, g: 0.63529414, b: 0.7137255, a: 1}
  - {r: 0.7137255, g: 0.24313726, b: 0.2901961, a: 1}
  - {r: 0.5921569, g: 0.7137255, b: 0.24313726, a: 1}
  gelSprite: {fileID: 157055538}
  hintTextMesh: {fileID: 1598963343}
  light: {fileID: 1566554133}
  i: 0
  j: 0
--- !u!61 &1990197179
BoxCollider2D:
  m_ObjectHideFlags: 0
  m_PrefabParentObject: {fileID: 61835156143511146, guid: b7b01591ef18b76489f22ecc2e89c571,
    type: 2}
  m_PrefabInternal: {fileID: 0}
  m_GameObject: {fileID: 1990197177}
  m_Enabled: 1
  m_Density: 1
  m_Material: {fileID: 0}
  m_IsTrigger: 1
  m_UsedByEffector: 0
  m_UsedByComposite: 0
  m_Offset: {x: 0, y: 0}
  m_SpriteTilingProperty:
    border: {x: 0, y: 0, z: 0, w: 0}
    pivot: {x: 0.5, y: 0.5}
    oldSize: {x: 1, y: 1}
    newSize: {x: 1, y: 1}
    adaptiveTilingThreshold: 0.5
    drawMode: 0
    adaptiveTiling: 0
  m_AutoTiling: 0
  serializedVersion: 2
  m_Size: {x: 11.4, y: 6.4}
  m_EdgeRadius: 0
--- !u!82 &1990197180
AudioSource:
  m_ObjectHideFlags: 0
  m_PrefabParentObject: {fileID: 0}
  m_PrefabInternal: {fileID: 0}
  m_GameObject: {fileID: 1990197177}
  m_Enabled: 1
  serializedVersion: 4
  OutputAudioMixerGroup: {fileID: 243869783428985692, guid: 7efb23e1c73b5394ebcef79afd7d0827,
    type: 2}
  m_audioClip: {fileID: 8300000, guid: 373d6db584c120a44a8c44170677cb9b, type: 3}
  m_PlayOnAwake: 1
  m_Volume: 1
  m_Pitch: -1.75
  Loop: 1
  Mute: 0
  Spatialize: 0
  SpatializePostEffects: 0
  Priority: 128
  DopplerLevel: 0.91
  MinDistance: 5
  MaxDistance: 9
  Pan2D: 1
  rolloffMode: 1
  BypassEffects: 0
  BypassListenerEffects: 0
  BypassReverbZones: 0
  rolloffCustomCurve:
    serializedVersion: 2
    m_Curve:
    - serializedVersion: 2
      time: 0.7376925
      value: 1
      inSlope: -1.3561225
      outSlope: -1.3561225
      tangentMode: 0
    - serializedVersion: 2
      time: 1
      value: 0
      inSlope: -0.73798746
      outSlope: -0.73798746
      tangentMode: 0
    m_PreInfinity: 2
    m_PostInfinity: 2
    m_RotationOrder: 0
  panLevelCustomCurve:
    serializedVersion: 2
    m_Curve:
    - serializedVersion: 2
      time: 0
      value: 1
      inSlope: 0
      outSlope: 0
      tangentMode: 0
    m_PreInfinity: 2
    m_PostInfinity: 2
    m_RotationOrder: 0
  spreadCustomCurve:
    serializedVersion: 2
    m_Curve:
    - serializedVersion: 2
      time: 0
      value: 1
      inSlope: 0
      outSlope: 0
      tangentMode: 0
    m_PreInfinity: 2
    m_PostInfinity: 2
    m_RotationOrder: 0
  reverbZoneMixCustomCurve:
    serializedVersion: 2
    m_Curve:
    - serializedVersion: 2
      time: 0
      value: 0.5
      inSlope: 0
      outSlope: 0
      tangentMode: 0
    m_PreInfinity: 2
    m_PostInfinity: 2
    m_RotationOrder: 0
--- !u!1 &1995310676
GameObject:
  m_ObjectHideFlags: 0
  m_PrefabParentObject: {fileID: 0}
  m_PrefabInternal: {fileID: 0}
  serializedVersion: 5
  m_Component:
  - component: {fileID: 1995310677}
  - component: {fileID: 1995310678}
  m_Layer: 0
  m_Name: LightCorr
  m_TagString: Untagged
  m_Icon: {fileID: 0}
  m_NavMeshLayer: 0
  m_StaticEditorFlags: 0
  m_IsActive: 1
--- !u!4 &1995310677
Transform:
  m_ObjectHideFlags: 0
  m_PrefabParentObject: {fileID: 0}
  m_PrefabInternal: {fileID: 0}
  m_GameObject: {fileID: 1995310676}
  m_LocalRotation: {x: -0, y: -0, z: -0, w: 1}
  m_LocalPosition: {x: 0, y: 2.96, z: -7.55143}
  m_LocalScale: {x: 1.6666665, y: 1.9801981, z: 2.8176978}
  m_Children: []
  m_Father: {fileID: 840338403}
  m_RootOrder: 0
  m_LocalEulerAnglesHint: {x: 0, y: 0, z: 0}
--- !u!108 &1995310678
Light:
  m_ObjectHideFlags: 0
  m_PrefabParentObject: {fileID: 0}
  m_PrefabInternal: {fileID: 0}
  m_GameObject: {fileID: 1995310676}
  m_Enabled: 1
  serializedVersion: 8
  m_Type: 2
  m_Color: {r: 0.4772383, g: 0.5765198, b: 0.71323526, a: 1}
  m_Intensity: 4
  m_Range: 5.030883
  m_SpotAngle: 30
  m_CookieSize: 10
  m_Shadows:
    m_Type: 0
    m_Resolution: -1
    m_CustomResolution: -1
    m_Strength: 1
    m_Bias: 0.05
    m_NormalBias: 0.4
    m_NearPlane: 0.2
  m_Cookie: {fileID: 0}
  m_DrawHalo: 0
  m_Flare: {fileID: 0}
  m_RenderMode: 0
  m_CullingMask:
    serializedVersion: 2
    m_Bits: 4294967295
  m_Lightmapping: 4
  m_AreaSize: {x: 1, y: 1}
  m_BounceIntensity: 1
  m_ColorTemperature: 6570
  m_UseColorTemperature: 0
  m_ShadowRadius: 0
  m_ShadowAngle: 0
--- !u!1 &2022648319
GameObject:
  m_ObjectHideFlags: 0
  m_PrefabParentObject: {fileID: 0}
  m_PrefabInternal: {fileID: 0}
  serializedVersion: 5
  m_Component:
  - component: {fileID: 2022648322}
  - component: {fileID: 2022648321}
  - component: {fileID: 2022648320}
  m_Layer: 0
  m_Name: EventSystem
  m_TagString: Untagged
  m_Icon: {fileID: 0}
  m_NavMeshLayer: 0
  m_StaticEditorFlags: 0
  m_IsActive: 1
--- !u!114 &2022648320
MonoBehaviour:
  m_ObjectHideFlags: 0
  m_PrefabParentObject: {fileID: 0}
  m_PrefabInternal: {fileID: 0}
  m_GameObject: {fileID: 2022648319}
  m_Enabled: 1
  m_EditorHideFlags: 0
  m_Script: {fileID: 1077351063, guid: f70555f144d8491a825f0804e09c671c, type: 3}
  m_Name: 
  m_EditorClassIdentifier: 
  m_HorizontalAxis: Movement Left-Right
  m_VerticalAxis: Movement Up-Down
  m_SubmitButton: Shoot Manual
  m_CancelButton: Exit
  m_InputActionsPerSecond: 10
  m_RepeatDelay: 0.5
  m_ForceModuleActive: 0
--- !u!114 &2022648321
MonoBehaviour:
  m_ObjectHideFlags: 0
  m_PrefabParentObject: {fileID: 0}
  m_PrefabInternal: {fileID: 0}
  m_GameObject: {fileID: 2022648319}
  m_Enabled: 1
  m_EditorHideFlags: 0
  m_Script: {fileID: -619905303, guid: f70555f144d8491a825f0804e09c671c, type: 3}
  m_Name: 
  m_EditorClassIdentifier: 
  m_FirstSelected: {fileID: 0}
  m_sendNavigationEvents: 1
  m_DragThreshold: 5
--- !u!4 &2022648322
Transform:
  m_ObjectHideFlags: 0
  m_PrefabParentObject: {fileID: 0}
  m_PrefabInternal: {fileID: 0}
  m_GameObject: {fileID: 2022648319}
  m_LocalRotation: {x: 0, y: 0, z: 0, w: 1}
  m_LocalPosition: {x: 0, y: 0, z: 0}
  m_LocalScale: {x: 1, y: 1, z: 1}
  m_Children: []
  m_Father: {fileID: 0}
  m_RootOrder: 3
  m_LocalEulerAnglesHint: {x: 0, y: 0, z: 0}
--- !u!1 &2036195078
GameObject:
  m_ObjectHideFlags: 0
  m_PrefabParentObject: {fileID: 1191950490550550, guid: b7b01591ef18b76489f22ecc2e89c571,
    type: 2}
  m_PrefabInternal: {fileID: 0}
  serializedVersion: 5
  m_Component:
  - component: {fileID: 2036195079}
  - component: {fileID: 2036195089}
  - component: {fileID: 2036195088}
  - component: {fileID: 2036195085}
  - component: {fileID: 2036195084}
  m_Layer: 0
  m_Name: Collisions
  m_TagString: Wall
  m_Icon: {fileID: 0}
  m_NavMeshLayer: 0
  m_StaticEditorFlags: 0
  m_IsActive: 1
--- !u!4 &2036195079
Transform:
  m_ObjectHideFlags: 0
  m_PrefabParentObject: {fileID: 4813992593917426, guid: b7b01591ef18b76489f22ecc2e89c571,
    type: 2}
  m_PrefabInternal: {fileID: 0}
  m_GameObject: {fileID: 2036195078}
  m_LocalRotation: {x: -0, y: -0, z: -0, w: 1}
  m_LocalPosition: {x: 0, y: 0, z: 0}
  m_LocalScale: {x: 12, y: 7, z: 1}
  m_Children: []
  m_Father: {fileID: 1692285234}
  m_RootOrder: 1
  m_LocalEulerAnglesHint: {x: 0, y: 0, z: 0}
--- !u!61 &2036195084
BoxCollider2D:
  m_ObjectHideFlags: 0
  m_PrefabParentObject: {fileID: 61737150271680592, guid: b7b01591ef18b76489f22ecc2e89c571,
    type: 2}
  m_PrefabInternal: {fileID: 0}
  m_GameObject: {fileID: 2036195078}
  m_Enabled: 1
  m_Density: 1
  m_Material: {fileID: 0}
  m_IsTrigger: 0
  m_UsedByEffector: 0
  m_UsedByComposite: 1
  m_Offset: {x: -0.3, y: -0.5}
  m_SpriteTilingProperty:
    border: {x: 0, y: 0, z: 0, w: 0}
    pivot: {x: 0.5, y: 0.5}
    oldSize: {x: 1, y: 1}
    newSize: {x: 0.16, y: 0.16}
    adaptiveTilingThreshold: 0.5
    drawMode: 0
    adaptiveTiling: 0
  m_AutoTiling: 0
  serializedVersion: 2
  m_Size: {x: 0.475, y: 3}
  m_EdgeRadius: 0
--- !u!61 &2036195085
BoxCollider2D:
  m_ObjectHideFlags: 0
  m_PrefabParentObject: {fileID: 61499339566903972, guid: b7b01591ef18b76489f22ecc2e89c571,
    type: 2}
  m_PrefabInternal: {fileID: 0}
  m_GameObject: {fileID: 2036195078}
  m_Enabled: 1
  m_Density: 1
  m_Material: {fileID: 0}
  m_IsTrigger: 0
  m_UsedByEffector: 0
  m_UsedByComposite: 1
  m_Offset: {x: 0.3, y: -0.5}
  m_SpriteTilingProperty:
    border: {x: 0, y: 0, z: 0, w: 0}
    pivot: {x: 0.5, y: 0.5}
    oldSize: {x: 1, y: 1}
    newSize: {x: 0.16, y: 0.16}
    adaptiveTilingThreshold: 0.5
    drawMode: 0
    adaptiveTiling: 0
  m_AutoTiling: 0
  serializedVersion: 2
  m_Size: {x: 0.475, y: 3}
  m_EdgeRadius: 0
--- !u!66 &2036195088
CompositeCollider2D:
  m_ObjectHideFlags: 0
  m_PrefabParentObject: {fileID: 66249426153147610, guid: b7b01591ef18b76489f22ecc2e89c571,
    type: 2}
  m_PrefabInternal: {fileID: 0}
  m_GameObject: {fileID: 2036195078}
  m_Enabled: 1
  m_Density: 1
  m_Material: {fileID: 6200000, guid: c540780e939df074c9bfd9a4cac428a3, type: 2}
  m_IsTrigger: 0
  m_UsedByEffector: 0
  m_UsedByComposite: 0
  m_Offset: {x: 0, y: 0}
  m_GeometryType: 0
  m_GenerationType: 0
  m_EdgeRadius: 0
  m_ColliderPaths:
  - m_Collider: {fileID: 2036195085}
    m_ColliderPaths:
    - - X: 64500004
        Y: 70000000
      - X: 7500002
        Y: 70000000
      - X: 7500002
        Y: -140000000
      - X: 64500004
        Y: -140000000
  - m_Collider: {fileID: 2036195084}
    m_ColliderPaths:
    - - X: -7500002
        Y: 70000000
      - X: -64500004
        Y: 70000000
      - X: -64500004
        Y: -140000000
      - X: -7500002
        Y: -140000000
  m_CompositePaths:
    m_Paths:
    - - {x: 6.4500003, y: 7}
      - {x: 0.75000024, y: 7}
      - {x: 0.75000024, y: -14}
      - {x: 6.4500003, y: -14}
    - - {x: -0.75000024, y: 7}
      - {x: -6.4500003, y: 7}
      - {x: -6.4500003, y: -14}
      - {x: -0.75000024, y: -14}
  m_VertexDistance: 0.0005
--- !u!50 &2036195089
Rigidbody2D:
  serializedVersion: 4
  m_ObjectHideFlags: 0
  m_PrefabParentObject: {fileID: 50071697701859686, guid: b7b01591ef18b76489f22ecc2e89c571,
    type: 2}
  m_PrefabInternal: {fileID: 0}
  m_GameObject: {fileID: 2036195078}
  m_BodyType: 2
  m_Simulated: 1
  m_UseFullKinematicContacts: 0
  m_UseAutoMass: 0
  m_Mass: 1
  m_LinearDrag: 0
  m_AngularDrag: 0.05
  m_GravityScale: 1
  m_Material: {fileID: 6200000, guid: c540780e939df074c9bfd9a4cac428a3, type: 2}
  m_Interpolate: 0
  m_SleepingMode: 1
  m_CollisionDetection: 0
  m_Constraints: 0
--- !u!114 &2077689459 stripped
MonoBehaviour:
  m_PrefabParentObject: {fileID: 114499025622009862, guid: 39f8f4beb379b864cbd8787eefc77c8e,
    type: 2}
  m_PrefabInternal: {fileID: 975371775}
  m_Script: {fileID: 11500000, guid: 7a08376246c18734a8dd79822422e57b, type: 3}
--- !u!4 &2077689460 stripped
Transform:
  m_PrefabParentObject: {fileID: 4113439614639276, guid: 39f8f4beb379b864cbd8787eefc77c8e,
    type: 2}
  m_PrefabInternal: {fileID: 975371775}
